2760 4770
620 301 663 315 —-
688 262 711 329 P
734 300 779 313 -
1144 260 1210 331 283

133 379 176 445 alr
202 380 326 449 lrominc
351 383 381 449 iu
408 380 576 461 infinitum
600 391 680 449 osset
702 390 804 449 autem
829 379 1028 469 impossibile,
1064 377 1089 448 si
1105 373 1260 466 generatio

138 480 233 548 liuius
258 481 390 552 hominis
414 482 598 570 dependeret
613 480 651 549 ab
673 480 732 548 lroc
752 478 887 566 lromine,
905 490 936 547 et
950 501 967 548 a
983 500 1109 568 corpore
1124 480 1256 546 elemen-

133 582 206 666 tari,
231 595 263 652 et
286 606 302 650 a
327 587 402 671 sola,
427 597 458 653 et
480 584 523 652 sic
547 585 579 653 in
608 582 793 651 inlinitum¹
820 607 851 650 a.
876 580 922 649 Ex
946 582 1058 671 quibus
1073 591 1175 647 tamen
1192 598 1258 646 ver-

134 684 184 752 bis
210 686 389 773 intelligitur
412 686 442 752 in
465 685 564 754 causis
592 705 766 773 processum
789 684 879 751 etiam
900 705 958 772 per
980 683 1116 752 occideras
1139 681 1172 748 iu
1187 681 1258 767 iufi-

132 789 237 854 m'tum
261 807 443 876 repugnare,
467 785 491 854 si
517 786 614 876 prinra
637 784 733 853 Causa
764 785 898 852 tollatur.
925 785 1060 872 [lenique
1082 785 1115 851 in
1136 781 1256 852 actibus

133 890 306 957 intellectus
329 910 392 957 non
415 901 460 959 est
482 888 631 957 absurdus
658 907 834 976 progressus
863 887 896 953 in
921 886 1089 973 infinitum,
1107 906 1171 953 non
1185 882 1256 972 qui-

132 993 310 1075 democle,
335 991 387 1058 sed
409 988 711 1078 oprtcoteporeamtice
729 986 754 1075 ²,
779 987 927 1076 siquidem
956 987 1127 1056 intellectus
1151 997 1255 1067 noster
1293 1038 1296 1043 .

133 1113 304 1180 numquam
329 1101 373 1159 tot
399 1089 555 1180 iutelligit,
578 1088 652 1178 quin
677 1090 760 1178 plura
784 1088 879 1176 possit
901 1087 1081 1177 intelligere,
1098 1098 1188 1176 atquc
1205 1089 1254 1156 in·

130 1215 235 1284 super,
259 1215 332 1262 cum
356 1192 514 1283 cognoscit
537 1202 639 1258 actum
669 1210 784 1277 suum,
810 1189 912 1278 aliquo
935 1201 1004 1259 actu
1018 1191 1117 1259 illum
1140 1209 1255 1280 cogno·

131 1296 200 1380 scit,
225 1306 255 1363 et
277 1295 389 1364 iterum
414 1294 504 1362 illum
526 1294 584 1361 alio
606 1303 676 1361 actu
694 1293 719 1360 ³.

178 1397 513 1466 XXXll.·Pnoeoorro
537 1413 644 1464 nunna
660 1414 719 1463 usr
737 1412 837 1464 mrsu
851 1413 1000 1481 alumen,
1017 1415 1057 1464 ar
1075 1412 1256 1466 raurumuu.

129 1499 199 1568 Non
224 1511 321 1589 potest
342 1498 467 1586 quidem
490 1518 556 1567 esse
580 1495 733 1585 proportio
756 1498 890 1564 colitotis
912 1519 966 1569 seu
981 1497 1149 1566 scoriadam
1171 1516 1253 1564 com·

127 1606 399 1692 rraerrttrotioacm,
424 1605 505 1693 quia
518 1602 672 1671 inlinitum
696 1602 927 1673 indeterminate
947 1605 1064 1674 excedit
1080 1604 1249 1673 infinitum.

132 1728 147 1769 a
177 1705 346 1794 Propertio,
372 1705 472 1793 inquit
493 1728 520 1774 s.
545 1703 690 1788 Thomas,
707 1703 876 1772 secundum
894 1703 1022 1794 primam
1040 1705 1174 1776 nominis
1191 1704 1251 1775 im-

128 1805 312 1894 positionem
335 1805 488 1896 significat
512 1806 717 1875 habitudinem
742 1806 921 1894 quantitatis
940 1808 977 1876 ad
992 1810 1193 1897 quantitatem
1207 1827 1255 1877 se·

125 1910 265 1976 cundum
287 1911 419 1997 aliquem
435 1910 671 1978 determinatum
687 1929 857 1997 excessum,
875 1911 921 1977 rel
936 1908 1187 1998 adaequationem
1202 1909 1251 1976 ⁴».

126 2012 300 2098 Quocirca,
325 2033 398 2080 cum
421 2013 458 2080 de
483 2011 605 2081 inlinito
629 2031 731 2080 sermo
760 2024 832 2098 est,
858 2031 923 2080 non
947 2015 1048 2079 valent
1069 2009 1202 2079 rationes
1224 2020 1255 2079 et

127 2114 341 2201 proportiones
363 2136 379 2181 a
404 2114 500 2182 sinitis
523 2117 705 2200 desumtac,
737 2116 788 2183 scd
812 2116 899 2202 plane
920 2113 997 2183 alius
1021 2123 1186 2201 conceptus
1208 2122 1255 2182 est

124 2215 345 2284 ellormandus.
364 2217 506 2284 Attamen
522 2226 622 2306 potest
642 2214 706 2284 dari
723 2214 803 2284 inter
820 2213 942 2282 finitum
958 2225 989 2282 et
1006 2214 1163 2283 inlinitum
1180 2235 1252 2304 pro-

125 2317 229 2403 portio
250 2316 448 2403 dobitrtdiaia,
473 2340 525 2388 seu
556 2318 674 2387 ordiale
707 2320 732 2386 ⁵:
763 2316 974 2408 Propontionis
997 2339 1122 2406 nomeu,
1152 2318 1253 2389 subdit

123 2428 250 2487 sanetus
267 2421 543 2506 lloetor‘,eulterius
566 2423 746 2490 translatum
762 2433 808 2489 est
822 2423 858 2489 ad
877 2422 1108 2510 significandum
1126 2444 1252 2493 ornnem

122 2521 331 2592 habitudinem
348 2526 569 2613 cuiuscumque
585 2525 622 2592 ad
638 2524 731 2611 aliud,
749 2534 778 2591 et
796 2545 847 2613 pcr
862 2525 946 2592 lrunc
960 2525 1088 2593 modum
1104 2525 1249 2612 dicimuS,

124 2625 209 2711 quod
236 2627 357 2692 materia
381 2626 470 2692 delet
492 2645 557 2694 csse
581 2624 809 2714 proportionata
838 2626 874 2695 ad
898 2625 1059 2695 formam⁶
1086 2650 1113 2693 t.

173 2725 309 2793 XXXlll.
328 2726 534 2796 Pnoenmms
550 2745 725 2796 mreusron
741 2745 883 2813 esmona
900 2744 1147 2804 aereaernuum
1166 2745 1251 2797 sune

123 2847 265 2899 animm.
291 2828 366 2915 lloc,
391 2829 483 2897 aits.
508 2828 735 2915 Bouaventura,
763 2849 778 2892 a
804 2848 911 2896 verum
934 2837 981 2900 est
1003 2830 1041 2898 de
1057 2832 1250 2919 proprietate,

122 2951 205 3018 quae
227 2928 300 2998 dicit
322 2941 463 2998 naturam
488 2939 519 2997 et
542 2927 735 3020 positionem,
760 2928 851 2998 etde
874 2930 1017 3018 illa,quae
1038 2931 1128 3000 habet
1154 2931 1251 3000 conti·

122 3032 216 3101 nuari
238 3054 310 3100 cum
334 3056 388 3104 sua
414 3033 544 3122 origine3
570 3032 650 3102 sicut
671 3042 717 3101 est
738 3031 770 3100 in
794 3033 905 3101 virtute
927 3045 1078 3122 movente,
1103 3044 1133 3103 et
1157 3035 1249 3104 lumi-

120 3132 173 3203 nis
196 3134 357 3206 cllusione.
382 3137 484 3206 Aliter.
503 3155 566 3204 non
588 3136 680 3204 habet
700 3136 866 3223 veritatem,
884 3135 963 3206 sicut
977 3147 1071 3227 patet;
1089 3158 1162 3205 uam
1176 3157 1249 3207 can-

121 3235 191 3303 dela
215 3236 401 3306 inllammata
424 3239 463 3306 ab
487 3237 545 3305 alia
577 3237 616 3304 ita
639 3237 716 3306 bene
739 3236 951 3327 inflammabit,
975 3237 1054 3310 sicut
1077 3237 1249 3306 inflamma·

120 3337 176 3404 bat
198 3337 247 3406 illa
274 3364 303 3409 t.
321 3341 420 3420 Quare
437 3360 594 3430 perperam
611 3361 647 3407 cx
664 3339 719 3407 illo
735 3339 825 3407 ellato
840 3341 993 3430 arguitur,
1022 3363 1037 3405 r
1063 3340 1157 3430 quod,
1174 3360 1248 3409 cum

121 3441 283 3529 corruptio
305 3442 466 3532 originalis
488 3443 528 3510 ab
550 3442 647 3511 Adam
672 3442 885 3530 producatur,
917 3453 1073 3531 tamquam
1102 3464 1119 3511 a
1143 3443 1247 3512 fontali

120 3541 274 3632 principio
297 3555 329 3613 et
351 3546 458 3632 radice,
483 3556 600 3634 quanto
623 3544 733 3634 aliquis
753 3555 800 3615 est
822 3543 903 3614 Adae
919 3545 1096 3635 proximior,
1115 3554 1199 3615 tanto
1213 3565 1247 3614 o·

120 3645 264 3735 riginalis
287 3649 374 3737 culpa
398 3648 437 3718 sit
461 3648 492 3716 in
515 3670 552 3717 eo
577 3648 724 3718 intensior
750 3671 781 3717 a.
811 3647 890 3717 Nam
917 3671 932 3714 ‹
957 3659 1124 3739 utrumque
1145 3648 1249 3720 deficit

117 3748 153 3816 in
181 3749 348 3840 proposito,
374 3759 439 3818 tum
463 3749 534 3839 quia
558 3749 609 3818 illa
640 3748 740 3820 carnis
763 3747 889 3819 foeditas
911 3751 981 3839 plus
1003 3750 1074 3822 dicit
1096 3751 1245 3822 rationem

159 3990 184 4060 ί)
203 3992 224 4063 l,
244 4011 271 4065 q.
295 3994 388 4066 navt,
407 4012 435 4054 a.
456 3997 526 4054 2ad
546 3997 574 4054 7.
589 4025 623 4046 ·-
636 3998 660 4072 ²)
681 3996 742 4056 vid.
762 4015 788 4070 p.
809 3994 856 4058 56.

160 4078 185 4143 ³>
202 4078 224 4149 r,
243 4097 272 4150 q.
293 4080 442 4153 nxxxvr,
463 4098 490 4140 a.
509 4082 528 4139 2
545 4098 573 4139 e.

157 4163 185 4226 ⁴,
204 4163 233 4219 ln
254 4165 302 4220 lib.
324 4166 357 4220 tv
380 4169 474 4239 Sene,
495 4167 563 4226 nist.
585 4166 683 4242 Xle,
702 4186 730 4241 q.
752 4168 786 4242 ll,
807 4180 834 4228 a.
856 4166 869 4224 1
891 4167 926 4229 ad
945 4165 976 4228 6.

155 4251 181 4320 ⁵)
201 4249 262 4309 llid.
284 4266 311 4326 p.
332 4248 457 4326 ete-q
477 4252 546 4312 too.
566 4253 618 4312 cr't.
