2760 4770
10 408 36 455 a
68 399 204 489 primum
227 401 525 496 praedicamentum,
542 399 588 474 est
608 424 675 491 ene,
692 403 742 475 cui
760 405 902 475 convenit
924 406 1053 477 existere
1073 426 1132 500 per
1153 428 1196 476 se,

10 512 33 559 u
75 524 91 569 t
118 503 208 575 Ratio
232 507 419 578 substantiae
448 508 627 597 intelligitur
653 509 712 578 boc
735 509 838 596 modo,
862 509 945 597 quod
969 510 1137 582 substantia
1160 507 1200 578 sit

16 619 30 663 1¹
69 626 133 692 res,
156 606 206 676 cui
229 610 388 679 conventu
410 603 475 680 esse
498 633 560 681 non
582 610 614 680 in
635 611 771 682 subiecto
788 612 834 682 ¹s.
861 611 989 701 Dicitur,
1012 620 1104 701 prout
1128 633 1199 682 cott-

10 724 26 767 3-
67 708 167 777 stituil
187 712 327 800 primum
355 714 653 803 praedicamentum,
677 714 748 803 quia
771 712 932 801 aliquando
955 713 1122 784 substantia
1145 736 1197 785 su·

10 826 26 867 a
68 808 167 878 mitur
191 832 247 899 pro
273 816 425 882 essentia:
455 813 662 882 «Substantia
690 813 849 902 dupliciter
870 814 994 884 dicitur.
1021 815 1090 884 Uno
1113 815 1197 885 enim

10 906 17 972 l
68 914 164 982 ruodo
185 913 296 985 dicitur
319 916 499 1003 substantia,
521 924 612 1004 prout
627 916 778 1006 signilicat
793 919 942 986 rationem
965 917 1054 1006 primi
1078 917 1194 1006 praedi-

10 1030 20 1072 :1
67 1018 214 1085 comensi.
236 1068 245 1087 .
264 1069 272 1087 .
292 1016 361 1086 Alio
384 1019 476 1089 modo
498 1017 610 1088 dieitur
633 1017 803 1087 substantia
826 1018 914 1106 illud,
937 1020 1020 1107 quod
1043 1017 1196 1106 significat

10 1132 17 1173 2
68 1115 144 1206 quid
167 1115 201 1185 iu
222 1119 368 1187 omnibus
390 1118 495 1207 rebus,
520 1119 599 1188 sicut
622 1118 754 1188 dicimus
776 1119 858 1209 quod
887 1120 1023 1191 delinitio
1046 1121 1197 1209 significat

10 1234 14 1277 ῑ
66 1217 115 1288 rei
139 1219 352 1304 subsellium
376 1231 408 1289 et
422 1222 481 1290 hoo
503 1222 594 1290 modo
609 1221 758 1312 quidquid
777 1220 903 1312 positive
916 1220 1039 1309 dicitur,
1065 1221 1097 1290 in
1118 1241 1196 1310 quo·

68 1342 205 1412 cumque
228 1342 339 1412 genere
361 1324 412 1411 sit,
437 1323 606 1393 substantia
627 1333 690 1409 est,
720 1323 767 1390 vel
791 1322 990 1391 salutantium
1015 1323 1128 1406 babet;
1153 1323 1195 1393 sie

67 1421 156 1492 euim
180 1424 366 1494 substantiae
388 1445 445 1515 pro
467 1427 597 1496 essentia
627 1424 760 1494 sumitur
776 1424 823 1493 ²».
851 1424 913 1494 lam
938 1446 1020 1511 vero,
1044 1447 1116 1495 cum
1141 1445 1197 1515 pro

64 1526 199 1595 essentia
221 1527 366 1615 sumitur,
400 1540 528 1620 vagatur
551 1550 604 1616 per
626 1528 728 1597 omnia
751 1529 1012 1618 praedicamenta
1037 1527 1194 1618 quodlibet

62 1625 149 1695 enim
166 1627 443 1716 praedicamentum
453 1641 504 1703 ¹cst
519 1629 619 1720 aliqua
645 1630 788 1700 essentia.
806 1631 951 1700 Accidens
967 1643 1084 1710 contra,
1101 1639 1194 1720 prout

64 1732 233 1818 opponitur
256 1733 425 1822 categoriae
448 1733 645 1820 substantiae,
675 1743 721 1802 est
742 1754 807 1818 ens,
834 1731 882 1802 cui
899 1735 1042 1801 convenil
1065 1735 1194 1803 existere

62 1832 100 1901 in
122 1834 194 1919 alio,
219 1855 272 1906 seu
296 1837 383 1924 illud,
408 1836 497 1905 cuius
527 1847 635 1904 natira
660 1835 776 1923 exigit),
803 1847 836 1904 ut
858 1834 919 1904 alio
942 1836 1096 1922 fulciatur,
1122 1834 1194 1926 ipsi·

61 1955 127 2023 (que
165 1935 316 2007 iubaereul
333 1939 358 2006 ³.
398 1937 461 2006 lam
486 1948 567 2028 patet
598 1937 784 2006 substantiae
813 1937 970 2006 notionem
994 1959 1057 2005 uon
1092 1935 1193 2006 consi-

61 2046 144 2105 stere
168 2037 199 2105 in
223 2041 364 2126 eoquod
387 2038 591 2108 accidentibus
619 2039 738 2109 substat
746 2061 755 2122 ;
782 2036 806 2108 si
828 2037 951 2126 quidem
976 2040 1014 2106 ab
1036 2040 1094 2108 boc
1117 2039 1191 2110 sub·

64 2138 176 2207 stantia
199 2140 433 2231 denominatur,
465 2143 549 2211 velut
570 2164 589 2211 a
612 2142 725 2211 notiori
749 2141 943 2230 proprietate,
967 2144 1073 2210 eodem
1099 2141 1193 2209 modo

62 2260 131 2327 quo
153 2241 227 2330 lapis
248 2240 361 2311 dicitur
385 2265 401 2310 a
427 2244 570 2313 laedendo
599 2244 729 2333 pedem,
766 2245 818 2314 sed
848 2265 911 2313 non
935 2244 1137 2314 essentialiter
1162 2243 1191 2311 in

58 2342 123 2410 boc
145 2347 351 2415 sustentaculo
373 2346 585 2416 constituitur.
599 2349 664 2427 Qua
679 2349 761 2416 enim
786 2348 902 2415 ratione
925 2348 1095 2418 substantia
1119 2367 1188 2436 pos·

57 2456 109 2513 set
132 2447 304 2516 accidentia·
321 2460 505 2538 sustentare,
524 2450 581 2519 nisi
605 2461 685 2520 esset
702 2449 732 2518 in
749 2451 879 2541 seipsa‘l
903 2450 1064 2530 Quomodo
1086 2461 1189 2518 atrum

57 2549 148 2619 notio
171 2553 250 2622 entis
280 2574 337 2641 per
360 2575 391 2620 sc
412 2551 618 2641 distinguatur
640 2576 656 2622 3
680 2552 805 2622 notione
827 2553 907 2622 entis
930 2574 951 2619 a
973 2573 1016 2629 se,
1042 2551 1111 2619 olibi
1134 2575 1188 2621 es·

60 2654 209 2741 plicatum
232 2663 277 2721 est
292 2655 316 2720 ⁴.
344 2655 471 2744 losuper
486 2655 652 2723 condentia
670 2655 804 2724 absolute
819 2676 835 2722 3
852 2653 1055 2744 Peripateticis
1078 2652 1189 2720 admis-

61 2774 110 2842 sa,
134 2756 180 2825 uti
203 2766 275 2823 suut
290 2755 454 2844 quantitas
477 2755 605 2844 qualitas
628 2766 701 2842 etc,
730 2756 798 2824 licet
824 2762 895 2824 aare
917 2775 980 2823 non
1004 2755 1134 2823 existant
1158 2753 1189 2822 in

63 2854 135 2943 alio,
162 2868 346 2925 tamennon
369 2858 498 2925 existere
525 2878 582 2945 per
602 2877 644 2944 sc,
671 2860 799 2948 ideoque
814 2876 877 2926 non
900 2879 966 2926 esse
989 2857 1185 2944 substantias,

60 2957 153 3026 etiam
176 2957 358 3048 explicatum
381 2970 428 3029 est
443 2961 468 3030 ⁵.
495 2959 630 3048 Denique
655 2981 711 3051 pro
737 2981 839 3031 sacrae
865 2960 1047 3049 Tlteologiae
1071 2959 1186 3049 tyroni-

60 3058 122 3127 bus
145 3058 219 3127 illud
242 3058 331 3128 etiam
359 3061 567 3129 adnotandum
595 3081 777 3130 censemus:
815 3059 976 3128 Rationem
1000 3061 1187 3132 substantiae

59 3159 221 3228 excludere
243 3161 366 3249 quidem
391 3162 585 3250 subiectum,
617 3183 720 3252 aquo
751 3163 813 3252 ipsa
836 3162 1002 3248 fulciatur,
1028 3184 1089 3232 oon
1115 3186 1186 3235 vero

60 3265 264 3353 suppositum,
288 3265 376 3336 euius
399 3265 459 3350 sit,
484 3288 539 3336 seu
568 3287 741 3357 porsonam,
765 3287 783 3335 a
806 3287 866 3356 qua
891 3266 1082 3338 terminetur.
1109 3268 1186 3339 Hinc

59 3379 170 3436 natura
193 3369 327 3438 bumana
351 3369 473 3456 Christi,
499 3367 569 3439 lieet
591 3368 735 3439 subsistat
756 3368 787 3437 in
806 3369 914 3457 Verbo,
940 3390 958 3437 a
981 3391 1045 3459 quo
1066 3392 1186 3441 assum·

63 3478 116 3557 pta
138 3479 185 3540 est
208 3493 259 3560 per
282 3472 538 3557 incarnationem;
563 3481 667 3540 tamen
693 3481 738 3538 est
761 3470 941 3557 substantia,
973 3472 1045 3560 quia
1069 3494 1134 3542 nou
1155 3493 1186 3541 e·

62 3570 149 3640 xistit
171 3570 203 3639 in
228 3572 327 3641 Verbo
351 3582 505 3662 tamquam
528 3572 677 3658 subiecto,
700 3572 749 3639 cui
768 3570 933 3657 inhaereat,
958 3574 1009 3643 sed
1032 3587 1186 3663 quatenus

61 3673 242 3742 terminatur
264 3699 280 3742 a
306 3673 437 3743 Persona
461 3674 563 3741 Verbi.
590 3673 693 3762 Neque
714 3695 750 3741 cx
773 3673 938 3762 loqquod
962 3696 1023 3744 non
1048 3677 1187 3748 subsistit

59 3794 114 3862 pur
138 3776 290 3866 propriam
314 3776 580 3867 personalitatem,
604 3776 750 3864 sequitur·
773 3774 870 3863 ipsam
894 3797 956 3844 non
980 3780 1108 3848 existere
1128 3802 1187 3870 pcr

58 3896 100 3947 se.
129 3875 169 3945 Ul
191 3881 274 3948 enim
297 3878 465 3952 substantia
488 3880 608 3948 dicatur
627 3880 774 3968 corripiete
794 3899 852 3968 pn·
875 3878 1072 3969 meristeos,
1099 3885 1184 3951 sulli-

99 4109 123 4179 ¹)
142 4109 241 4170 Cuntr.
265 4111 359 4184 Getta,
379 4113 428 4170 lib.
448 4113 470 4186 l,
489 4130 516 4172 c.
537 4112 583 4170 25.
960 4152 963 4159 ·

94 4197 120 4264 ²)
141 4197 171 4252 lu
191 4198 238 4254 lib.
262 4198 283 4253 ll
302 4200 395 4268 Sciat,
417 4202 485 4257 Dist.
507 4198 645 4266 xxxvtt,
664 4215 692 4269 q.
714 4197 736 4269 l,
756 4212 784 4254 a.
804 4195 817 4253 l
836 4200 892 4257 sol.

97 4280 119 4355 ³)
143 4282 203 4340 tid.
225 4300 253 4357 p.
274 4282 302 4360 7,
319 4297 351 4344 ut
369 4285 479 4359 2b.-⁴)
498 4287 525 4342 Ρ.
546 4281 676 4341 astraei.
692 4312 724 4331 ·-
740 4286 761 4356 ⁵l
781 4281 809 4339 Ρ.
831 4282 877 4341 at.
