2760 4770
138 376 140 383 ·
161 333 228 407 tx.
252 333 365 409 Gneus
389 356 483 411 tunsr
505 359 677 413 senotuuus
695 360 765 415 snts
780 342 803 411 ¹.
821 342 909 424 Orrod
924 345 1048 413 effetum
1065 355 1100 414 ut
1115 358 1195 416 recte
1209 347 1257 415 in-

128 442 297 534 telligatur,
320 445 549 517 edmonendum
570 458 617 518 est
630 468 703 516 cum
718 469 744 517 s.
763 447 881 517 Thema
910 472 1008 541 genus
1037 451 1148 521 bebere
1162 455 1256 523 simul

127 544 282 616 rationem
306 546 409 638 pertis,
432 561 463 618 et
487 551 646 620 rationem¹
660 550 755 620 totius
768 551 794 619 ².
820 552 926 640 Porro,
951 555 977 624 si
994 577 1092 644 gentis
1106 567 1258 645 spectetur

128 651 174 718 uti
200 673 280 741 pars,
303 663 457 741 quatenus
478 675 588 744 nempe
611 656 766 724 concurrit
778 657 816 724 ed
833 655 1080 727 constituendam
1094 659 1257 728 essentiam

132 751 251 840 speciei,
275 775 354 843 quae
376 765 424 825 est
446 756 703 843 totumnctuole,
719 756 794 825 illud
820 779 885 832 erse
901 757 931 826 in
949 758 1105 848 speciebus
1119 759 1184 828 suis
1211 759 1257 827 iu-

131 875 166 924 re
189 858 405 942 pronuntiatur
423 859 447 926 ³.
471 859 512 927 tt
533 858 559 927 si
583 879 681 948 genus
703 869 866 948 spectetur,
891 870 925 929 ut
948 871 1048 930 totum
1066 914 1075 949 ‚
1096 861 1258 953 polentae
1296 900 1301 915 ι

126 976 240 1049 nempe
260 969 292 1030 et
312 961 497 1050 universate,
520 970 596 1032 tunc
623 960 735 1050 species
754 963 842 1032 ‘velut
862 962 929 1034 eius
952 974 1052 1052 partes
1074 974 1159 1052 sunt,
1176 963 1256 1032 ideo-

126 1082 191 1149 que
214 1062 315 1153 potius
337 1063 407 1134 illae
429 1064 546 1154 insunt,
570 1087 625 1137 seu
648 1065 781 1135 subsunt
802 1066 905 1154 generi
920 1067 948 1137 ⁴.

173 1163 211 1233 X.
237 1165 345 1238 Genus
369 1189 588 1240 ecrnncnouu
611 1188 672 1240 csr
694 1189 736 1239 ro
760 1189 885 1240 recens
908 1188 1051 1241 suemus.
1076 1166 1200 1238 Generis
1223 1188 1254 1234 e-

125 1267 192 1335 uim
217 1277 326 1337 nature
348 1279 394 1337 est
419 1268 613 1362 imperfecta,
638 1289 692 1339 seu
716 1270 924 1359 incompleta,
948 1282 1040 1360 atque
1061 1268 1255 1342 contrahitur

125 1370 163 1437 nd
189 1370 330 1459 speeiem,
346 1380 376 1440 et
397 1372 553 1458 perficitur
576 1392 628 1462 per
647 1370 859 1456 differentiam
884 1369 1050 1442 differentia
1073 1381 1175 1441 eutem
1199 1368 1255 1436 eli-

123 1472 201 1559 quid
224 1493 287 1541 nou
307 1474 477 1562 constituit,
495 1473 551 1544 nisi
574 1473 613 1544 sit
633 1473 727 1543 simul
749 1475 943 1564 distinguens
957 1476 995 1543 ab
1017 1476 1096 1557 eliis;
1111 1493 1188 1562 ¹ergo
1202 1495 1255 1560 ge-

100 1630 104 1638 .
124 1595 187 1644 nus
203 1575 351 1648 edjunem
368 1575 499 1664 speciem
516 1575 621 1645 relerri
637 1596 701 1644 non
718 1586 825 1664 potest.
837 1576 955 1668 Species
977 1599 994 1647 e
1016 1576 1168 1645 contrario
1192 1595 1255 1642 non

123 1679 296 1766 expostulet.
319 1689 354 1746 ut
376 1680 414 1748 ad
440 1682 526 1771 plum
549 1677 702 1748 individua
717 1689 788 1748 netu
805 1680 963 1765 reseretur,
981 1702 1053 1748 nam
1068 1678 1176 1767 speciei
1201 1698 1255 1744 na-

122 1792 196 1848 tura
221 1780 251 1849 in
274 1801 307 1852 se
329 1780 460 1870 perlecta
482 1791 545 1867 ert,
570 1800 669 1869 neque
690 1781 730 1849 ub
752 1780 960 1850 accidentibus
993 1780 1141 1850 individui
1166 1779 1254 1866 perfi-

119 1881 218 1968 citur,
243 1883 296 1954 sed
319 1892 436 1952 tantum
461 1882 714 1974 multiplicatum
737 1905 773 1954 uc
801 1883 927 1974 proinde
949 1904 1048 1954 unum
1072 1881 1186 1951 sufficit
1207 1872 1255 1948 iu-

121 1985 295 2073 dividuum,
320 1995 356 2054 ut
379 2006 432 2076 per
433 1987 508 2055 ecta
531 1987 694 2055 maneat⁵.

174 2088 219 2157 td
242 2088 320 2157 benc
343 2109 406 2157 rem
432 2087 625 2173 Scholastici,
651 2097 686 2156 ut
709 2087 835 2157 modum
861 2087 1002 2175 innuant,
1019 2108 1083 2176 quo
1097 2107 1206 2176 genus,
1224 2090 1278 2154 et'

118 2190 239 2280 species
261 2191 299 2258 de
321 2189 461 2278 pluribus
483 2188 645 2278 praedicari
669 2201 738 2278 epta
762 2200 862 2274 sunt,
886 2190 1083 2281 distinguunt
1104 2189 1252 2278 optctcdi

119 2313 198 2362 roem
219 2293 383 2380 positivam
406 2291 445 2359 eb
467 2291 640 2380 aptitudine
662 2292 817 2380 nepetino,
842 2290 1010 2380 docentque
1033 2289 1117 2359 illem
1140 2311 1206 2360 esse
1223 2291 1254 2359 in

120 2416 249 2484 genere,
273 2396 351 2462 berre
373 2392 405 2462 in
428 2390 617 2480 speciellst
640 2413 749 2482 nempe
775 2392 916 2480 aptitudo
938 2393 1078 2481 position,
1102 2414 1162 2479 que
1186 2393 1255 2461 uni-

120 2502 241 2568 versate
264 2511 372 2568 natura
394 2517 450 2564 sue
473 2498 667 2584 expostulet,
697 2505 733 2564 ut
755 2496 792 2562 ed
816 2497 902 2584 plura
925 2502 995 2562 octo
1017 2494 1121 2562 referri
1145 2495 1255 2562 intelli-

121 2612 245 2692 getur:
273 2601 424 2690 Nepcliuc
446 2608 575 2686 autem,
613 2621 674 2688 qua
702 2597 872 2666 universale
894 2596 1069 2666 indifferens
1091 2608 1196 2667 estut
1218 2602 1255 2668 ed

122 2725 239 2791 unuin,
262 2713 315 2771 eut
338 2706 425 2792 plura
448 2702 551 2772 referri
580 2701 778 2790 intelligetur,
795 2707 917 2791 nempe,
934 2699 1003 2769 licet
1026 2723 1080 2789 per
1102 2711 1254 2792 senptum

121 2808 168 2876 sit
191 2808 288 2874 inesse
311 2803 427 2892 multis,
450 2803 541 2872 etde
565 2802 671 2873 multis
694 2801 869 2890 praedicari,
901 2812 1002 2872 tannen
1025 2803 1099 2872 nihil
1116 2805 1257 2893 probibet

122 2908 296 2998 quominus
319 2908 418 2996 ipsum
441 2904 480 2971 ad
504 2926 603 2974 unum
632 2903 736 2973 referri
759 2903 961 2993 intelligetur.

173 3011 227 3081 Xl.
253 3011 286 3082 ln
310 3031 438 3082 enuere
462 3029 590 3080 mrem
614 3025 925 3084 neourrocemouns.
952 3005 1020 3074 Non
1043 3006 1166 3096 quidem
1184 3029 1254 3095 prc-

122 3125 197 3204 pter
220 3112 319 3202 ipsum
344 3132 452 3201 genus,
477 3108 562 3199 quasi
588 3131 685 3198 genus
708 3110 747 3178 sit
770 3108 980 3197 aequivocum,
1004 3129 1075 3177 narn
1093 3131 1190 3198 genus
1206 3131 1255 3179 se-

120 3217 264 3287 cundum
288 3237 320 3286 se
343 3215 381 3283 ab
402 3214 546 3284 omnibus
569 3212 727 3305 speciebus
742 3213 913 3302 aequaliter
937 3212 1131 3303 participatur
1149 3215 1176 3296 ⁶;
1201 3216 1253 3282 sed

165 3450 193 3522 ¹)
212 3465 224 3504 r
246 3448 341 3506 Genus
359 3447 474 3518 quidem
494 3447 568 3504 inest
586 3447 613 3504 iu
633 3446 794 3517 speciebus3
813 3445 920 3500 animal
938 3444 1014 3501 euim
1034 3445 1108 3504 inest
1121 3446 1149 3503 iu
1162 3449 1253 3507 horni-

124 3551 164 3592 ne
185 3545 213 3590 et
232 3534 306 3590 bove
325 3549 352 3604 ²3
371 3535 460 3590 clem.
481 3535 575 3603 bien,
596 3534 703 3591 Strom.
725 3533 774 3588 lib.
796 3531 865 3605 vill,
884 3547 913 3587 n.
932 3530 962 3587 6.

122 3682 125 3687 ,
163 3621 189 3681 ²1
207 3620 251 3675 De
268 3631 333 3677 erue
350 3630 379 3677 et
397 3623 533 3690 essentia,
552 3629 580 3677 o.
600 3617 629 3676 3.
687 3630 690 3635 ·

165 3703 190 3773 ³)
209 3704 271 3760 vid.
291 3703 386 3776 Mopte
404 3705 571 3763 universale
588 3711 783 3775 comparatur
800 3701 842 3759 ad
859 3699 956 3758 minuc
974 3701 1144 3762 nnr'verrote
1161 3717 1193 3764 ut
1212 3717 1253 3765 to-

120 3798 199 3859 tum,
217 3798 246 3847 et
259 3803 346 3861 porc,
367 3788 419 3844 litt.
438 3789 479 3844 M.

160 3875 188 3936 ⁴)
209 3888 223 3930 t
243 3875 348 3930 Totum
367 3889 424 3929 uon
445 3873 518 3931 inest
537 3872 563 3928 in
583 3871 711 3942 partibus
733 3885 758 3940 »ς
777 3869 867 3926 clem.
890 3869 982 3941 Alex,
1002 3871 1059 3926 loc.
1079 3873 1129 3928 cit.

163 3961 189 4028 ⁵)
211 3958 272 4014 Vid.
292 3956 601 4028 s.t·t101n.,tnttb.·l
622 3958 715 4026 Seru„
740 3955 807 4011 [list.
829 3954 904 4024 XlX,
922 3972 951 4026 q.
974 3955 1019 4024 tt,
1041 3969 1067 4010 u.
1087 3954 1173 4014 2³01.
1191 3960 1252 4014 Vid.

122 4048 214 4105 etiam
234 4045 287 4102 litt.
310 4045 336 4101 tl
355 4044 383 4098 in
402 4031 591 4111 explicatione
609 4041 731 4109 ueritatis
750 4041 933 4115 rtrtrperirae,
953 4039 1012 4110 ubi,
1032 4040 1098 4110 quid
1119 4042 1153 4100 sit
1168 4047 1252 4114 price·

119 4132 235 4205 cipittm
254 4128 507 4196 iudicidrratiouir,
525 4126 696 4195 explicatur.

165 4215 270 4288 ⁶1Vid.
291 4231 315 4275 s.
335 4215 452 4288 Tuom,
475 4212 526 4289 Qu.
547 4211 656 4287 dispp,
677 4212 718 4271 lle
736 4211 813 4297 Potg,
835 4225 863 4283 q·
884 4207 941 4283 vti,
962 4224 991 4268 a.
1009 4207 1027 4266 3
1044 4208 1082 4267 ad
1098 4208 1127 4268 6.
