2760 4770
124 389 200 459 dem
225 391 343 463 bonurn
363 445 372 478 ,
396 400 427 461 ει
449 393 567 461 malum
590 414 654 461 non
681 401 756 461 sunt
786 392 906 482 proprie
930 405 1067 481 genera,
1091 392 1255 462 cuiuslibet

128 491 213 558 enim
236 492 357 581 generis
379 503 425 562 est
448 493 547 582 aliqua
571 494 712 574 essentia,
737 502 767 560 et
783 502 904 576 natura;
933 496 1049 562 malum
1065 505 1166 565 autem
1182 497 1252 565 nul-

128 595 191 661 lam
216 595 306 664 habet
329 595 471 684 sormam,
496 616 550 665 seu
579 607 734 665 naturam.
759 595 908 675 Quocirca
932 597 1005 664 illud
1024 598 1176 671 theorema
1198 621 1251 668 ex-

128 697 304 783 plicandum
327 711 373 770 εει
396 700 479 768 lmno
509 699 539 767 in
563 701 715 769 modum:
741 699 847 767 Omnis
871 700 1014 788 perfectio
1037 703 1075 770 ad
1098 702 1250 773 rationem

128 799 228 888 honi,
252 814 283 871 et
305 803 407 874 omnis
429 804 558 892 privatio
580 815 611 872 et
634 802 799 871 diminutio
829 803 865 871 ad
890 803 1040 872 rationem
1064 804 1136 873 mali
1161 807 1252 896 perti-

128 913 217 986 nout;
242 905 325 994 atqui
348 928 386 974 ex
409 907 570 977 contrariis
593 928 691 975 unum
721 916 768 974 est
791 907 971 994 perlectum,
997 915 1028 974 et
1050 909 1181 975 alterum
1203 905 1249 974 di·

128 1006 298 1096 minutum,
323 1011 410 1100 quasi
435 1009 633 1099 privationem
655 1010 809 1098 quandam
830 1011 994 1078 admixtam
1009 1012 1136 1093 habens;
1153 1033 1182 1081 ε.
1201 1035 1249 1100 g.,

125 1111 246 1195 album,
270 1125 302 1181 ot
323 1113 456 1182 calidum
481 1115 707 1202 perfectionem,
738 1114 883 1204 frigidum
911 1124 942 1182 et
964 1114 1090 1203 nigrum
1112 1114 1252 1202 impers-

127 1213 263 1287 ctionem
285 1226 316 1284 et
349 1215 437 1304 quasi
468 1215 666 1304 privationem
693 1214 896 1303 signiticant;
921 1237 996 1303 ergo
1018 1237 1056 1284 ex
1089 1214 1249 1285 contrariis

128 1319 262 1387 alterum
284 1321 342 1388 sub
365 1320 481 1389 ratione
509 1321 583 1389 boni
606 1319 725 1388 videtur
747 1318 1119 1409 comprehendi,alterum
1135 1319 1173 1386 ad
1199 1339 1247 1386 rav

126 1421 243 1490 tionem
266 1424 338 1490 mali
361 1424 523 1505 accederc3
547 1434 578 1492 ει
601 1421 669 1491 ideo
692 1422 820 1506 bonum,
846 1433 876 1491 ει
899 1423 1017 1490 malum
1039 1440 1151 1510 genera
1175 1439 1250 1489 cona

127 1524 294 1592 uariorum
317 1528 547 1612 quodammodo
568 1527 626 1595 dici
651 1537 778 1613 possunt
802 1525 826 1594 ¹.
923 1586 926 1591 .

173 1626 240 1696 llll.
266 1628 379 1699 llouuu
403 1652 442 1698 av
466 1651 577 1700 utnon
601 1651 683 1700 sona
708 1650 741 1698 nv
770 1647 896 1716 unaue,
921 1651 1032 1700 vunnu
1055 1649 1095 1699 nr
1121 1649 1250 1703 vntsvtr

126 1751 211 1800 seur
235 1753 269 1800 ιι
294 1753 414 1802 visura.
442 1732 571 1818 Scilicet,
597 1754 702 1800 verum
726 1731 758 1798 in
780 1733 995 1820 adaequatione
1019 1732 1062 1802 rei
1077 1734 1116 1801 ad
1132 1730 1250 1800 intelle-

125 1843 213 1901 ctum
238 1834 399 1922 consistit,
425 1835 465 1904 ita
489 1847 548 1922 ut,
573 1836 698 1924 quando
720 1855 767 1904 res
793 1837 921 1904 refertur
944 1835 1136 1921 intellectui,
1162 1832 1252 1902 sicuti

126 1948 195 2021 est,
223 1937 370 2005 rationem
396 1937 527 2006 veritatis
550 1936 669 2006 lrabeat.
695 1936 842 2016 Quocirca
873 1957 1004 2023 verum,
1028 1937 1084 2006 etsi
1107 1933 1252 2005 fundetur

127 2037 158 2105 in
183 2061 227 2124 re,
252 2049 353 2108 lumen
374 2061 409 2108 ex
434 2062 481 2124 eo,
506 2041 588 2130 quod
611 2041 650 2106 ab
665 2039 819 2108 intellectu
843 2041 1051 2129 cognoscitur,
1068 2041 1249 2127 completam

125 2141 235 2210 habeat
258 2142 406 2211 rationem
424 2141 567 2211 veritatis:
592 2143 732 2210 «Verum
754 2143 844 2210 estin
863 2152 987 2210 mente.
1009 2195 1016 2210 .
1037 2193 1076 2228 .,
1092 2152 1123 2210 ει
1138 2162 1251 2210 unum

123 2244 271 2332 quodque
293 2244 324 2312 in
350 2255 469 2313 tantum
493 2243 606 2315 dicitur
631 2265 761 2329 verum,
794 2243 1000 2331 inquantum
1023 2247 1249 2312 conformatum

121 2357 182 2435 est,
211 2350 255 2415 vol
280 2347 499 2416 conlornmlvile
523 2347 696 2431 intellectui
714 2371 742 2415 t.
775 2347 799 2413 u
822 2347 976 2416 contrario
998 2347 1115 2416 honum
1133 2368 1195 2415 uon
1211 2369 1251 2416 ex
1298 2356 1303 2363 '

119 2474 163 2521 eo
187 2453 269 2541 qnod
294 2453 332 2520 ab
353 2452 455 2520 am'ma
487 2451 694 2536 cognoscitur,
720 2450 771 2516 sed
795 2461 946 2537 quatenus
968 2460 1013 2517 est
1037 2450 1150 2538 aliquid
1166 2461 1250 2516 extra

124 2555 275 2640 altimum,
301 2554 445 2622 honitatis
473 2553 621 2620 ratiouom
645 2551 745 2618 halet:
776 2574 790 2612 u
817 2549 990 2619 Secundum
1005 2571 1082 2636 esse,
1099 2551 1183 2638 quod
1198 2551 1250 2618 lta·

121 2658 175 2725 leet
200 2656 231 2725 iu
255 2679 358 2725 rerum
388 2668 496 2724 natura
517 2707 523 2722 .
546 2707 552 2720 .
573 2708 580 2722 .
601 2707 610 2741 ,
634 2666 681 2723 est
705 2652 899 2741 perfectivum
922 2653 1050 2739 bonum,
1077 2654 1193 2720 bonum
1217 2676 1248 2722 e·-

126 2762 193 2830 uim
222 2761 253 2830 in
277 2762 368 2829 rebus
390 2760 466 2829 est²
489 2785 517 2828 t.
544 2758 689 2838 Quocirca
721 2756 855 2844 cognitio
883 2758 945 2825 veri
977 2757 1012 2825 lit
1034 2748 1088 2847 per
1110 2778 1249 2848 progres-

120 2887 196 2933 sum
222 2864 330 2931 obiecti
353 2865 389 2930 ad
415 2863 609 2947 subiectum,
635 2858 784 2928 assecutio
812 2870 912 2926 autem
937 2859 1008 2926 boni
1036 2881 1087 2947 per
1110 2881 1249 2949 progres-

125 2989 197 3037 sum
234 2965 362 3034 subiecti
385 2966 422 3032 ad
448 2962 627 3033 obiectum:
657 2983 671 3024 v
699 2960 881 3028 intellectiva
913 2961 1113 3048 apprehensio
1135 2971 1183 3030 est
1204 2984 1250 3030 se

120 3069 265 3138 cundum
290 3077 409 3136 motum
433 3087 450 3132 a
475 3065 566 3132 relius
589 3063 619 3130 in
649 3061 782 3130 animam
804 3106 867 3131 .1..
887 3059 1018 3148 operatio
1044 3074 1146 3130 autem
1161 3084 1250 3152 appe-

123 3173 204 3239 titus
225 3180 272 3239 est
293 3171 461 3237 seeundum
486 3177 606 3234 motum
632 3167 670 3233 ab
693 3167 794 3243 anima
819 3164 949 3246 ιιιιέε3
978 3189 1006 3231 ι.

121 3334 125 3339 .
169 3275 252 3343 lllll.
278 3276 391 3345 Bonan
415 3295 454 3342 nv
475 3291 653 3340 vennusn
674 3290 782 3339 uuvvo
807 3289 1001 3337 rumooutvr.
1024 3268 1113 3356 ldest,
1132 3270 1248 3339 bonum

121 3391 172 3448 est
195 3378 351 3467 quoddam
375 3396 493 3460 verum,
511 3394 546 3440 ac
562 3371 684 3458 proinde
698 3368 967 3456 courprelrcnditur
982 3371 1041 3438 sulv
1056 3371 1173 3441 ratione
1190 3374 1249 3441 veri

123 3479 318 3566 universalis,
343 3479 425 3566 quod
453 3488 498 3544 est
522 3475 674 3542 obiectum
699 3474 879 3540 intellectus.
906 3471 1056 3562 Vicissim,
1075 3495 1180 3542 vorum
1204 3488 1250 3546 εει

120 3583 278 3674 quoddam
302 3584 446 3665 bonum,
471 3587 502 3647 ει
524 3578 591 3645 idco
613 3577 786 3644 continetur
809 3577 868 3643 suh
884 3575 1047 3645 universali
1064 3577 1179 3647 ratione
1194 3579 1249 3648 bo·

122 3688 171 3774 ni,
196 3685 279 3775 quod
302 3695 347 3751 est
370 3682 524 3753 obiectum
548 3679 729 3748 intellectus.
755 3677 901 3757 Quocirca
925 3699 1031 3746 verum
1053 3700 1071 3747 a
1096 3681 1250 3751 voluntate

161 3942 185 4007 Ι)
204 3941 274 3996 viu·
288 3941 316 3995 S.
336 3940 450 4010 Tuom,
470 3939 493 4006 l,
508 3956 535 4009 q.
557 3933 676 4006 XLVlll,
698 3950 724 3990 a.
743 3933 802 3989 lad
819 3931 846 4006 l,
860 3942 888 3990 ει
901 3935 931 3989 Β.
946 3934 1009 3991 Alb.
1025 3931 1139 4009 nune
1154 3931 1243 3999 rraess

123 4027 247 4094 dicam,
268 4030 352 4082 tract.
372 4025 428 4096 vll,
449 4041 475 4080 c.
498 4022 542 4079 10.

161 4116 184 4183 ²)
208 4115 259 4185 (lq.
280 4113 391 4184 ἄειρε,
411 4111 454 4168 De
477 4113 559 4181 Ver„
580 4127 607 4180 q.
630 4107 703 4180 XXl,
724 4124 751 4164 a.
776 4108 785 4162 l
809 4123 835 4162 c.
851 4107 915 4163 vin.
929 4108 1028 4176 etiam,
1043 4103 1064 4183 l,
1078 4108 1245 4182 quxxxtt,

80 4230 93 4245 ⁵
120 4219 148 4260 a.
162 4200 188 4359 a}
204 4215 235 4344 ii
253 4285 303 4344 nt.
324 4283 359 4342 ιιι
378 4284 470 4358 seut,
492 4280 557 4340 orsu
579 4278 677 4357 xxvi,
696 4298 723 4352 q.
744 4279 767 4354 r,
787 4296 814 4338 a.
835 4278 852 4336 e
871 4281 906 4339 ιι
926 4280 955 4336 ι.
1037 4348 1040 4355 Δ
