2760 4770
193 258 258 329 noe
624 252 782 333 2-0-
851 212 854 217 ⁵

37 446 41 451 ,
141 374 265 445 ellatum
289 371 441 465 explicati,
466 383 618 463 ‹puolonus
644 371 786 462 quioquid
812 391 867 460 per
888 391 921 440 se
944 372 1155 443 contrarium
1177 375 1260 444 estol·

141 475 208 563 lori,
233 476 353 567 proprie
374 488 419 545 est
441 477 581 565 qualitas.
604 475 686 545 Licet
701 486 803 544 autem
818 475 955 546 actiones
970 488 1003 544 et
1022 478 1187 567 passiones
1199 496 1261 565 quo

140 596 200 665 que
222 581 409 649 eontrarium
432 580 542 649 babere
564 579 715 666 dicantur,
732 578 761 646 id
780 587 893 666 tamen,
908 580 1190 668 quemadmodum
1213 580 1260 666 ple·

141 681 227 767 rique
249 683 438 771 existimant,
464 704 527 753 non
551 704 604 774 por
627 703 659 752 se
681 681 791 751 actioni
813 691 844 750 el
866 679 1006 771 passioni
1033 683 1199 769 convenit,
1220 682 1261 750 sed

140 780 259 851 ratione
280 786 473 873 qualitatum,
497 808 576 876 quae
598 784 767 872 actionum,
790 795 821 853 et
837 783 1022 874 passionum
1044 785 1175 855 termini
1190 794 1260 861 suut

138 895 174 952 ut
195 888 346 957 dealbatio
367 888 571 978 denigrationi
594 898 641 958 est
662 887 824 976 contraria,
840 887 910 977 quia
926 887 1046 957 albedo
1063 885 1186 978 nigrori
1200 907 1259 955 con·

138 987 229 1056 traria
250 1001 309 1061 est.

146 1125 149 1133 ι
183 1089 246 1161 Vll.
273 1092 436 1173 (lusurus
459 1115 604 1166 suscnn
628 1113 722 1166 nnors
745 1114 787 1164 nr
811 1111 919 1164 ninus.
945 1091 1118 1183 Siquidem
1141 1093 1260 1185 qualitas

138 1203 236 1280 potest
258 1197 388 1285 iraenei,
411 1208 465 1265 aut
487 1197 614 1279 remitti
640 1217 669 1267 e.
692 1218 737 1286 q,
762 1194 899 1268 modicus
921 1197 1009 1263 calor
1035 1196 1164 1284 erescit,
1189 1194 1262 1266 ellit
1288 1204 1290 1209 '

136 1298 245 1380 malou
270 1309 388 1387 eontra,
414 1321 546 1390 magnus
569 1301 653 1368 calor
675 1298 833 1368 minuitur.
857 1297 916 1366 Ubi
940 1299 1019 1367 baec
1044 1297 1106 1367 tria
1122 1301 1258 1369 adnotan-

135 1399 172 1471 da
194 1412 278 1470 sunt:
305 1402 341 1471 l⁰
363 1403 545 1474 Huiusmodi
571 1402 738 1494 proprietas
760 1421 823 1470 non
844 1400 988 1472 convenit
1014 1402 1173 1470 omnibus
1195 1419 1258 1490 qua

134 1501 280 1586 blatibus3
305 1526 335 1574 e.
360 1527 406 1594 ς,
431 1505 529 1594 sigum
554 1525 616 1574 non
644 1503 823 1591 intenditur,
846 1523 902 1572 neo
923 1502 1120 1587 remittitur3
1145 1503 1256 1593 quocir-

134 1624 169 1674 oa
192 1627 292 1675 unum
315 1608 526 1697 triangulum,
557 1608 697 1698 quamvis
720 1606 816 1699 possit
837 1623 902 1676 esse
923 1605 1039 1695 maius,
1069 1607 1151 1678 idest
1174 1605 1257 1696 magis

134 1718 294 1779 extensam
316 1711 434 1797 altero,
459 1720 562 1780 tamen
585 1731 648 1779 non
675 1721 722 1782 est
743 1709 839 1799 magis
862 1708 1076 1798 triangulum,
1103 1733 1200 1801 quarn
1219 1710 1256 1778 al-
1287 1742 1290 1767 ι

135 1821 247 1881 terum:
276 1811 406 1902 ‹blagis
427 1824 458 1882 et
481 1813 585 1881 minus
607 1833 672 1882 non
701 1812 878 1883 invenitur.
907 1865 916 1883 .
943 1857 952 1876 .
979 1812 1013 1880 in
1041 1813 1172 1902 liguris,
1198 1822 1256 1904 puta

132 1915 330 2007 triangulare,
354 1929 385 1986 et
405 1918 588 2007 quadratum
615 1917 626 1958 ¹
654 1941 689 2004 i,
715 1918 867 2007 siquidem
889 1936 946 1999 ea,
971 1936 1058 2004 quae
1085 1916 1255 2007 participum

133 2020 280 2089 rationem
305 2020 461 2110 trianguli,
486 2041 582 2110 aeque
602 2041 670 2090 eam
694 2020 883 2112 participant.
909 2018 943 2090 ι’
967 2019 1039 2087 Hoo
1057 2021 1150 2104 salet,
1168 2020 1253 2089 sino

133 2120 217 2190 mina
240 2132 381 2191 concreta
403 2121 627 2210 adhibeantur,v
640 2143 704 2192 uon
726 2143 797 2192 vero
819 2121 844 2192 si
867 2123 1035 2205 abstracto3
1065 2122 1185 2192 scilicet
1198 2139 1248 2190 non

131 2222 213 2310 ipsae
235 2223 405 2313 qualitales,
430 2236 580 2314 quatenus
603 2223 761 2314 qualitales
783 2232 868 2311 sunt,
884 2223 936 2292 sed
951 2234 1113 2312 quatenus
1138 2225 1171 2293 in
1190 2223 1249 2293 sub

131 2325 214 2396 ieotis
236 2326 335 2416 sauls,
361 2327 588 2414 intentionem,
613 2337 668 2395 aut
690 2327 903 2397 remissionem
924 2345 1036 2417 capere
1062 2336 1203 2417 possunt
1221 2343 1243 2395 e.

130 2450 177 2520 g„
201 2428 313 2499 dieitur
334 2429 447 2520 aliquid
471 2430 581 2520 magis,
605 2438 659 2498 aut
681 2428 785 2498 minus
806 2429 951 2515 ualidum,
977 2429 1095 2520 magis,
1119 2441 1176 2498 aut
1195 2427 1240 2495 ni·

127 2552 186 2604 nus
210 2532 338 2616 iustum3
364 2552 428 2601 non
451 2551 523 2601 vero
546 2530 654 2620 magis,
679 2541 732 2600 aul
756 2531 857 2602 minus
879 2532 972 2618 calor,
990 2532 1110 2621 magis,
1128 2542 1181 2601 aut
1195 2526 1242 2599 ni·

130 2654 191 2702 uus
213 2634 341 2705 iustitia.
366 2634 406 2702 Et
427 2653 517 2721 sane,
533 2631 654 2704 iustitia
676 2655 738 2703 una
760 2643 818 2721 est,
843 2644 874 2702 el
895 2632 1053 2721 eamdem,
1071 2633 1239 2724 simplicem

128 2754 189 2823 que
211 2736 303 2804 babet
323 2734 498 2817 essentiam,
521 2754 600 2824 quae
622 2733 801 2804 defiuitione
827 2735 894 2804 eius
914 2733 1121 2824 explicatum
1146 2733 1239 2803 dieitur

128 2849 231 2907 tamen
254 2859 336 2907 unus
358 2837 419 2907 alio
441 2835 561 2924 iustior,
574 2845 628 2905 aut
651 2836 753 2906 minus
776 2837 886 2925 iustus,
902 2837 974 2926 quia
991 2837 1110 2927 magis,
1127 2831 1236 2906 autui-

128 2960 187 3009 nus
211 2939 356 3010 iustitiam
379 2938 466 3036 illam
486 2937 654 3029 participat:
685 2961 700 3003 t
725 2938 892 3019 Qualitates
914 2939 947 3008 in
969 2941 1131 3010 abstracto
1153 2938 1235 3028 signa·

129 3055 188 3132 tae,
212 3044 283 3132 quia
307 3044 472 3132 signantur
487 3064 548 3132 per
570 3045 698 3112 modum
722 3044 926 3132 substantiae,
949 3065 1008 3113 neo
1033 3044 1233 3125 intenduntur,

126 3167 183 3216 noe
206 3146 415 3227 remittuntur;
441 3165 504 3214 non
528 3146 611 3214 enim
634 3145 745 3217 dicitur
767 3148 875 3218 albedo
898 3146 1047 3236 magiset
1065 3140 1233 3233 minasset

125 3247 230 3345 album
248 3245 260 3284 ²
280 3271 310 3317 i.
336 3245 370 3316 3·
394 3247 597 3318 lntmoonem
620 3267 684 3317 nou
708 3247 773 3316 fieri
795 3269 848 3337 por
870 3247 1062 3320 additionem
1086 3245 1232 3320 similisln

124 3347 234 3440 specie3
254 3369 269 3413 t
287 3347 366 3418 siout
389 3367 452 3418 uon
466 3357 585 3439 oportet
607 3349 691 3438 quod
707 3349 814 3419 albedo
829 3348 959 3420 albedini
982 3349 1118 3422 addatur
1131 3353 1169 3421 ad
1189 3349 1233 3419 boo

125 3446 210 3543 quod
231 3450 286 3530 fiat
299 3450 399 3542 magis
414 3450 544 3520 album³
564 3472 594 3533 l>;
612 3453 666 3521 sod
686 3473 700 3517 r
719 3462 862 3521 causatur
877 3450 1006 3523 intentio
1021 3474 1063 3524 ex
1079 3456 1151 3544 hoo,
1166 3449 1233 3544 quoi

124 3549 211 3642 illud,
224 3552 306 3642 quod
329 3552 510 3643 intenditur,
535 3553 633 3645 magis
656 3553 824 3644 perlectum
845 3554 1027 3647 invenitur,
1052 3570 1086 3629 et
1109 3557 1233 3652 opposito

124 3649 348 3744 impermixtius
370 3654 386 3694 ⁴
404 3678 434 3723 o.

128 3854 131 3861 Ι
167 3753 245 3826 Vlll.
271 3755 470 3837 bonumne
494 3778 560 3832 non
583 3779 643 3831 usn
667 3777 824 3838 ounnms
842 3761 867 3827 ⁵.

159 3999 185 4071 ¹)
203 3999 257 4075 Qu.
276 3999 387 4076 dispo,
403 3999 447 4062 De
463 4002 577 4077 virtut,
597 4021 625 4077 q.
645 4003 667 4076 l,
687 4019 714 4064 a.
735 4005 758 4062 ll
777 4006 871 4075 ιμ’)
886 4004 967 4064 Ibld.
1031 4046 1036 4051 -

158 4084 557 4162 ³)1nllb.leem.‚.1lbu
580 4089 652 4162 xvi,
672 4109 700 4164 q.
718 4090 765 4163 lll,
784 4107 811 4148 a.
831 4091 860 4164 2,
880 4093 936 4151 sol.
958 4091 971 4148 l
991 4094 1028 4151 ad
1050 4095 1080 4155 1.

130 4171 181 4242 A)
198 4170 230 4227 ln
248 4170 297 4227 lib.
317 4170 340 4227 ll
359 4171 452 4243 Soet,
473 4171 540 4232 [list.
560 4175 644 4248 Xbll,
664 4192 692 4247 q.
711 4176 734 4248 l,
752 4191 781 4233 a.
802 4173 816 4231 1
836 4176 873 4232 ad
890 4175 920 4234 2.

155 4254 179 4332 δ)
196 4255 259 4316 vio.
281 4255 446 4315 decidentis
463 4272 522 4319 nou
540 4271 583 4319 est
600 4262 750 4335 meldens,
767 4277 794 4333 p.
814 4258 861 4319 26.
975 4308 979 4313 .
1014 4302 1017 4309 ·
