2760 4770
549 296 592 325 -'·
615 272 637 342 S
661 308 704 323 -·
1072 264 1141 339 811

10 402 28 449 t·-
58 399 100 461 ut
127 392 202 462 haec
224 391 263 460 ud
286 391 368 460 illud
390 388 582 460 essentialem
604 385 743 457 ordinem
766 382 887 455 babent.
911 383 1015 475 bbg,
1032 382 1193 455 obiecteet

10 508 28 553 ῑ
59 504 151 563 actus
166 490 249 564 sunt
270 495 475 565 eetcteseeonc
504 489 745 581 specificatioum
768 484 975 577 potentiorum
1001 485 1025 555 ¹.
1127 500 1130 505 ’
1170 504 1187 523 ··

10 613 26 679 52
105 596 220 670 ttttttt.
246 593 699 667 serenentur—emenus.
717 590 868 660 Dicuntur
891 589 923 659 l⁰
946 589 984 658 dc
1006 589 1192 678 modoque

10 728 23 759 a
61 698 151 787 siguo
169 720 233 767 rem
249 698 452 787 significatam
473 692 717 765 ostendunt².l’
733 693 777 761 De
799 693 972 782 modo,quo
987 689 1100 781 aliquid
1115 710 1191 760 con·

10 818 23 861 ³.
60 800 227 869 sileretur.
253 798 330 868 lltud
353 820 463 890 nempe
485 799 567 888 quod
592 797 805 868 consideretur
826 808 946 866 tuntum
974 806 1010 866 ut
1024 815 1191 885 cognosca-

10 926 22 959 1
62 913 128 988 tur,
152 904 357 996 succentum
381 903 454 971 illud
479 922 561 987 vero,
577 901 665 972 onius
688 899 824 988 cognitio
845 902 884 971 ad
900 899 1012 990 aliquid
1036 897 1192 988 egendum

12 1032 18 1075 ε
60 1004 235 1094 ordinatur,
257 1005 390 1094 practice
415 1005 542 1092 spectari
572 1002 694 1072 dicitur.
720 1002 806 1072 Unde
827 1001 983 1072 distinctio
1018 1000 1192 1071 intellectus

10 1115 15 1177 'r
61 1108 249 1196 speculativi
268 1120 299 1176 et
321 1106 468 1198 practici,
492 1109 529 1177 de
551 1127 611 1196 quo
635 1105 706 1176 elibi
728 1105 863 1177 diximus
886 1104 911 1178 ⁸.

10 1237 14 1280 r
109 1208 204 1281 XXV.
229 1203 1190 1297 Suuxurennsns'-Senescendum.t⁰Deuotentqucmdcm

10 1340 12 1385 ;
58 1311 256 1382 allectionem
278 1311 409 1380 duorum
435 1310 690 1401 propositionum,
714 1329 794 1400 quoe
818 1329 923 1380 secum
950 1309 1119 1398 quantitate
1134 1327 1191 1397 pu·

60 1425 173 1503 gnuut.
184 1413 230 1482 Ex
243 1413 291 1482 bis
307 1435 416 1504 nempe
431 1413 492 1500 illo,
509 1432 589 1502 quoe
609 1422 656 1484 est
671 1413 860 1499 universalis,
877 1412 1098 1492 subodernoos
1114 1429 1194 1500 quoe

60 1527 112 1585 est
128 1515 329 1605 particularis,
347 1517 554 1586 strbolteruoto
575 1516 673 1589 audit.
696 1517 730 1588 1·
740 1516 938 1586 ddbibentur
953 1518 988 1584 ed
1005 1513 1199 1601 distinguen-
1245 1558 1248 1565 -

58 1619 120 1688 dus
135 1616 275 1686 scientias
295 1616 376 1686 inter
391 1639 434 1688 se.
452 1617 585 1687 Scientiu
605 1639 727 1707 nempe,
739 1639 817 1709 quae
830 1616 963 1688 desumit
977 1637 1031 1684 sue
1050 1613 1195 1706 principia

59 1739 103 1788 ex
126 1718 377 1788 conclusionibus
406 1718 568 1809 superioris
599 1719 760 1805 scientine,
796 1719 1023 1799 srtboltoruoto;
1052 1714 1194 1804 superior

59 1832 167 1890 autem
191 1819 327 1907 scientie,
351 1841 473 1908 exque
498 1821 623 1890 interior
651 1842 704 1890 suu
729 1820 876 1910 principie
907 1820 1027 1902 bourit,
1051 1817 1199 1886 subalter-

58 1942 148 1992 nous
169 1924 350 2013 appelletur.
377 1921 427 1992 Sic
455 1922 624 1991 medicinae
655 1921 798 2010 principia
822 1921 992 2011 probentur
1014 1919 1044 1988 in
1061 1919 1199 2009 physion

56 2035 95 2094 et
119 2026 253 2095 musicae
277 2024 423 2114 principia
453 2026 627 2114 probentur
652 2025 682 2092 in
698 2024 886 2093 arithmetice
903 2025 929 2093 ⁴.
948 2021 1125 2102 Orroeireec
1144 2021 1195 2090 ille

57 2126 119 2216 qui
141 2127 231 2196 hebet
254 2127 412 2198 scientiam
441 2128 692 2216 subalternatum,
717 2148 782 2196 nou
805 2127 934 2217 perlecto
948 2122 1073 2213 attingit
1094 2122 1131 2190 nd
1148 2143 1198 2191 m·

54 2229 177 2296 tionem
201 2228 326 2316 sciendi,
352 2228 409 2296 nisi
433 2228 637 2316 inquantum
659 2226 726 2298 eius
742 2226 881 2315 cognitio
902 2227 1102 2315 continuetur
1116 2243 1195 2313 quo·

59 2330 231 2398 dammodo
252 2352 324 2399 oum
347 2328 526 2418 cognitione
548 2330 625 2414 eius,
660 2327 713 2417 qui
747 2328 838 2396 habet
861 2325 1016 2396 scientium
1046 2326 1196 2397 subalter-

59 2442 200 2501 nuntem.
228 2430 438 2500 Nihilominus
462 2440 564 2500 tumen
587 2431 714 2500 interior
736 2431 834 2498 sciens
858 2449 919 2498 non
943 2429 1055 2499 dicitur
1077 2430 1114 2497 dc
1137 2429 1197 2516 bis,

60 2553 146 2621 quae
170 2533 326 2622 supponit,
352 2534 463 2601 bebere
485 2532 655 2616 scientium,
685 2532 737 2600 scd
760 2531 798 2599 de
821 2529 1089 2616 conclusionibus,
1118 2552 1198 2620 quae

62 2657 104 2704 ex
128 2634 284 2724 principiis
308 2635 473 2725 strupositis
496 2635 534 2703 de
556 2633 733 2703 necessitate
755 2632 982 2702 concluduntur
1007 2634 1071 2701 ⁵».

112 2735 217 2803 xxtt.
249 2736 678 2807 Suuruorrrn-ontuorrve.
712 2735 872 2805 Diuersum
902 2736 1030 2805 omnino
1069 2755 1195 2804 sensum

63 2838 123 2905 boe
145 2858 233 2907 uoces
256 2859 346 2927 penes
368 2838 571 2907 scholasticos
585 2835 744 2923 exhibent,
761 2858 797 2905 uc
813 2858 904 2926 penes
920 2838 1101 2907 recentiores
1121 2836 1190 2906 Plri-

64 2940 224 3027 losoplros.
250 2941 371 3008 Etenim
395 2939 435 3007 eb
458 2940 517 3007 illis
544 2938 699 3007 dicebatur
726 2958 775 3006 res
797 2938 956 3006 subiecere
978 2939 1119 3025 existere,
1146 2943 1192 3010 vel

67 3047 179 3113 modus
201 3044 359 3112 subiectiue
381 3045 555 3134 iueoistere,
578 3065 651 3113 cum
677 3040 835 3130 utriusque
856 3041 1013 3110 existentia
1030 3064 1131 3112 rerem
1146 3054 1193 3113 est

65 3156 97 3215 et
123 3153 205 3215 octo.
236 3146 385 3216 Obiectc'oe
414 3146 569 3215 dicebatur
591 3147 630 3215 de
653 3166 698 3233 re,
728 3166 806 3234 quae
828 3165 892 3213 nou
915 3144 1000 3213 aliter
1023 3157 1080 3229 ost,
1104 3167 1197 3233 quum

65 3250 99 3317 in
125 3248 277 3318 intellectu
301 3260 515 3338 cognoscente,
540 3270 592 3317 seu
619 3269 698 3338 quae
721 3270 784 3317 non
801 3248 888 3317 aliter
902 3247 1015 3335 existit,
1033 3270 1125 3337 quum
1144 3268 1196 3338 per

64 3350 195 3420 modum
220 3351 327 3421 obiecti
356 3352 483 3440 cogniti.
517 3351 596 3420 Hinc
618 3373 671 3420 ens
694 3353 726 3418 in
747 3353 912 3439 potentio,
938 3372 992 3420 scu
1014 3351 1097 3439 quod
1120 3358 1193 3421 octo

65 3473 131 3522 non
153 3452 264 3540 existit,
287 3454 357 3542 truie
383 3464 481 3541 potest
503 3453 597 3522 mcnti
620 3451 816 3542 cognoscenti
841 3454 1008 3541 obuersari,
1036 3454 1193 3523 dicebatur

62 3555 193 3625 existere
215 3556 353 3625 obiectioe
376 3558 402 3623 ⁶.
428 3556 506 3626 ltine
528 3555 619 3624 etium
642 3556 791 3644 potentiue
819 3554 979 3624 obieclivoe
999 3555 1126 3624 nomine
1148 3554 1189 3626 si·

63 3656 268 3746 gnilicnbatur
290 3680 371 3728 meru
396 3661 437 3728 rei
463 3658 643 3748 possibilitas
666 3661 693 3728 ⁷.
709 3658 786 3727 llinc
808 3657 951 3747 denique,
967 3659 1070 3749 quood
1085 3664 1188 3726 ectum

102 3852 130 3973 :t
149 3852 209 3908 vid.
231 3868 258 3922 p.
278 3852 407 3928 etz-2)
426 3853 488 3912 vid.
509 3869 536 3926 p.
552 3850 679 3924 ete-³)
698 3851 760 3911 vid.
780 3867 807 3922 p.
829 3849 891 3908 172.

103 3933 128 4086 ⁵i
147 3935 392 4094 &qudi-,mam
409 4023 495 4095 Ver„
523 4041 551 4093 o.
571 4021 645 4091 Xtv,
671 4037 699 4077 3.
718 4020 738 4079 o
756 4019 792 4076 ed
812 4016 839 4075 3.
862 4017 932 4074 llinc
959 4031 973 4074 t
991 4015 1082 4075 tidelis
1102 4025 1193 4088 potest

64 4103 133 4245 «1Ιέῒὲ
143 4107 251 4165 trabere
270 4110 419 4167 scientium
438 4110 474 4166 de
494 4109 547 4179 bis,
561 4121 635 4179 quoe
652 4105 865 4164 concluduntur
885 4098 1188 4175 exardescendum

101 4272 125 4346 ⁶)
147 4275 206 4335 vid.
228 4292 256 4350 p.
280 4273 413 4350 tet-⁷)
433 4276 493 4335 vid.
515 4291 544 4349 p.
566 4272 609 4332 ll.
665 4320 672 4337 s
