2760 4770
127 379 180 468 tis,
204 401 297 469 quom
320 380 490 453 resistentia
513 383 653 472 subiecti,
679 384 710 454 in
732 373 815 473 quod
837 382 911 473 agit,
935 383 1061 452 ollactus
1082 381 1122 451 ab
1144 381 1197 451 illo
1211 380 1253 450 ‘in

127 480 211 580 istud
235 476 405 574 numquam
431 485 532 554 induci
557 497 655 575 potest
670 485 696 554 ¹.
736 485 919 555 Resistcolio
938 486 1039 555 wiva
1058 484 1196 554 consistit
1216 477 1252 553 iu

76 598 78 641 ÷
120 583 256 674 actione,
280 607 340 676 qua
364 608 464 656 unum
486 589 678 658 contrarIum
699 585 850 658 actionem
873 588 1001 658 alterius
1022 584 1153 677 expellit,
1171 584 1252 655 sicut

117 683 361 775 ¹In’gusrcsistit
383 687 504 775 calori,
528 699 559 757 ct
580 687 726 760 vicissim.
751 689 795 758 Ile
818 692 875 759 bae
897 689 1068 761 resistentia
1102 687 1198 757 uotiua
1220 695 1252 756 et

128 787 242 876 passiva
266 790 307 856 ito
331 790 468 880 loquitur
489 812 517 860 s.
541 791 686 862 Thomas:
716 815 731 856 r
759 791 791 859 ln
814 791 914 882 aliqua
939 791 1056 862 actione
1071 799 1171 883 potest
1185 807 1251 861 esse

129 887 299 958 resistentia
321 890 492 982 dupliciter:
523 893 592 962 Uno
616 895 766 963 medoen
797 903 881 981 parte
902 891 1032 982 agentis,
1055 891 1179 982 quando
1194 890 1253 961 sei·

127 987 201 1059 lieet
221 1010 257 1060 ex
281 993 436 1062 contrario
458 1005 567 1084 agente
597 995 692 1065 uirtus
715 994 811 1087 ipsius
826 994 1011 1063 debilitatur:
1029 993 1090 1062 alle
1106 988 1198 1063 modo
1212 1013 1250 1062 ex

128 1102 215 1180 parte
237 1094 334 1184 ipsius
355 1097 491 1185 effeetus,
523 1099 646 1186 quando
668 1119 705 1167 ex
728 1096 878 1168 contraria
901 1095 1102 1186 dispositione
1125 1093 1252 1186 impedi·

128 1204 181 1260 tur
203 1195 358 1267 ellectus²
384 1221 414 1268 n.
441 1195 566 1287 Insuper
587 1198 675 1268 docet
705 1200 822 1269 nullam
846 1195 1046 1268 resistentiam
1069 1197 1197 1264 activam
1220 1193 1253 1264 in

127 1295 298 1366 actionibus
320 1297 435 1371 Iliviois
456 1321 617 1372 oceerrrere
640 1321 739 1391 posse;
761 1323 833 1370 nam
855 1301 928 1370 hoec
942 1298 1111 1370 resistentia
1126 1296 1159 1367 in
1180 1315 1251 1365 mu·

128 1406 184 1465 tuo
206 1397 367 1489 agentibus
395 1411 426 1472 et
448 1400 630 1490 pallentibus
660 1403 762 1471 locum
792 1402 908 1483 babet,
933 1399 1015 1485 Deus
1036 1407 1139 1467 autem
1163 1419 1179 1463 r
1204 1406 1252 1467 est

126 1519 224 1587 agens
246 1501 332 1570 uullo
360 1502 454 1573 modo
477 1502 606 1592 patiens;
637 1512 668 1571 et
690 1502 758 1574 ideo
785 1500 956 1574 resistentia
980 1500 1013 1569 in
1036 1501 1153 1570 actione
1176 1495 1252 1568 Eius

126 1611 263 1686 nonest,
281 1599 391 1670 nisiex
406 1613 491 1692 parte
506 1602 632 1673 allectus
645 1603 817 1692 recipientis
834 1603 880 1674 ³».

95 1716 100 1721 ·
172 1699 293 1769 Xllllll.
320 1703 739 1780 Rusencrme-Insoturn
754 1706 782 1777 ⁴.

169 1801 305 1877 XXVIII.
331 1804 513 1880 nes—uos
529 1810 555 1881 ⁵.

665 2047 708 2167 lt

583 2319 795 2391 urrann
848 2412 868 2419 H

168 2519 195 2603 I.
220 2521 384 2594 Iunones
414 2541 670 2597 cournanronuu
693 2546 726 2596 m
749 2544 951 2600 incestuoso
974 2545 1146 2605 nonssunr
1170 2543 1248 2595 con-

121 2625 437 2695 unanmn.Nimirum
461 2628 615 2696 contrarie
636 2629 726 2698 inacte
746 2649 778 2698 re
797 2630 899 2720 posite
921 2629 1022 2717 mepis
1040 2628 1205 2698 etoeeoot
1223 2628 1249 2714 ⁶,

104 2734 155 2794 'et
176 2730 400 2808 contrariorum
423 2728 529 2797 eodem
558 2734 600 2797 est
628 2729 755 2797 edentia
770 2729 796 2798 ⁷.
820 2728 939 2799 Dicitur
959 2740 1062 2798 autem
1086 2731 1120 2798 in
1135 2727 1251 2797 Intelle-

120 2833 188 2914 ctu,
214 2838 248 2896 ut
271 2829 459 2919 significetur
481 2829 614 2900 rationes
636 2831 866 2901 contrariorum
893 2830 1077 2919 subiectior,
1101 2841 1193 2920 prout
1217 2828 1249 2898 in

122 2930 280 3000 intellectu
304 2933 503 3024 recipiuntur,
522 2954 584 3002 non
607 2955 673 3004 esse
694 2937 875 3023 contradas,
899 2957 970 3004 nam
995 2934 1077 3024 ipsae
1098 2935 1136 3002 ab
1158 2933 1248 3003 intel·

122 3034 206 3102 lectu
229 3036 395 3104 secundum
419 3036 546 3107 modum
580 3041 628 3107 sui
652 3057 714 3108 esse
741 3037 959 3126 recipiuntur,
991 3057 1026 3106 ae
1056 3035 1180 3124 proinde
1214 3033 1248 3104 in

118 3155 188 3224 eo,
227 3139 308 3226 quod
332 3140 443 3228 aliquid
468 3137 657 3227 intelligibile
685 3150 715 3210 et
737 3140 894 3229 spirituale
916 3149 1015 3228 sunt,
1047 3137 1245 3208 conueniunt.

120 3237 224 3317 Quare
246 3260 307 3309 non
332 3252 459 3332 possunt
474 3262 539 3312 esse
559 3242 740 3330 contrariae,
758 3241 815 3311 nisi
829 3234 980 3328 obedies,
996 3251 1157 3330 quatenus,
1174 3258 1247 3306 cum

122 3341 292 3412 contrariae
325 3343 386 3413 sint
409 3366 481 3431 res,
505 3366 522 3411 a
545 3342 658 3434 quibus
687 3343 953 3433 proficiscuntur,
978 3341 1058 3434 ipsae
1081 3342 1190 3411 relatae
1212 3339 1250 3408 ad

159 3572 184 3646 θ)
202 3575 263 3635 vid.
284 3575 421 3635 Actiones
438 3577 509 3647 fiunt
525 3592 546 3634 a
563 3586 730 3648 superante,
750 3591 778 3647 p.
799 3572 845 3632 33.
865 3572 1065 3634 Resisteutiarn
1087 3569 1241 3644 porcinum

121 3660 249 3731 explieat
266 3677 290 3717 e.
311 3662 484 3734 Augustinus
507 3662 551 3720 bis
570 3661 685 3718 verbis:
707 3674 721 3717 t
742 3661 818 3735 Ignis
837 3664 932 3732 spinas
950 3658 1115 3727 consumit,
1135 3664 1164 3712 et
1181 3654 1241 3712 cui·

121 3761 248 3816 cumque
268 3748 349 3804 vlridi
370 3749 450 3819 lIgno
473 3749 634 3821 adhibetur,
653 3747 769 3803 dilllcilo
786 3749 967 3818 accenditur,
986 3747 1092 3801 lrumor
1109 3740 1186 3798 euim
1207 3740 1238 3795 li·

120 3832 175 3905 gni
196 3832 301 3903 resistit
317 3824 452 3891 flammae
477 3833 572 3890 lentae
589 3841 618 3888 et
637 3831 807 3902 marcidae,
828 3841 926 3888 umen
943 3830 1067 3886 idoneae
1083 3826 1120 3884 ed
1139 3841 1240 3884 consu·

122 3917 243 3973 mendas
261 3917 358 3987 spinas
375 3933 402 3989 »ς
421 3918 535 3974 Enarr.
554 3917 587 3973 In
606 3918 653 3973 Pr.
674 3917 739 3989 XL,
755 3933 784 3973 n.
806 3913 851 3971 12.

159 4001 184 4068 ²)
203 3998 233 4055 In
252 4000 301 4057 lib.
324 4000 359 4059 lv
379 4003 471 4070 Scan,
491 4002 560 4058 Dist.
580 3999 628 4072 XI,
647 4019 674 4072 q.
696 4001 718 4070 I,
736 4017 763 4057 a.
785 3997 814 4071 3,
832 4000 887 4059 aot.
908 3997 1017 4056 toea

161 4083 184 4151 ³)
202 4085 272 4142 boe.
293 4086 354 4158 cit„
376 4095 404 4141 et
422 4087 490 4142 utsr.
511 4086 596 4156 XVII,
614 4103 643 4156 q.
664 4086 684 4157 l,
703 4102 730 4143 u.
750 4085 780 4157 tt,
799 4086 853 4142 eol.
876 4082 888 4138 l
909 4085 945 4139 ad
963 4084 993 4141 2.

158 4170 181 4237 *l
202 4172 263 4229 vid.
284 4170 675 4244 Absolute-cooperative,
696 4189 723 4244 p.
743 4170 833 4245 2.-⁵)
854 4171 916 4229 vie.
937 4187 965 4244 p.
987 4169 1049 4234 lob.

157 4254 181 4326 ⁶)
201 4255 260 4316 Vid.
282 4274 309 4331 p.
331 4257 450 4332 78.-⁷)
469 4258 531 4317 Vid.
552 4275 577 4332 p.
599 4256 643 4314 nt.
