2760 4770
125 355 216 414 tenus
252 344 430 432 cognitione
468 344 577 411 obiecti
608 345 665 411 sibi
689 344 936 435 proportionati,
963 339 1245 432 accipe-essentia

125 470 241 534 rerum,
264 468 343 535 quae
367 448 478 515 habeut
500 469 562 516 ecce
590 449 621 515 in
645 448 780 533 materia,
805 447 864 515 iam
889 446 1024 536 potitur,
1042 444 1139 513 etiam
1155 462 1246 511 rcrurn

123 547 340 637 spiritualium,
360 571 493 639 quarum
516 571 579 618 non
604 561 677 619 sunt
693 552 911 640 phantasmati,
927 547 1150 638 cognitionem
1172 542 1246 612 attin·

124 670 197 739 gere
220 662 327 739 potest.
355 651 420 720 Nisi
443 655 550 741 quod,
575 665 610 720 ut
638 655 785 742 quaedam
809 664 948 723 serretur
982 651 1151 742 proportio
1181 646 1247 713 inter

125 754 239 841 ipsum⁷
263 753 317 841 qui
340 765 385 821 cst
407 756 527 846 corpori
552 755 748 838 coniunctus,
773 766 863 843 atque
886 754 1003 822 obiecta
1030 749 1162 841 cognita
1177 768 1246 817 merc

124 853 304 941 spiritualia,
330 856 409 923 iilum
433 856 602 925 intellectus
625 855 681 922 sibi
705 856 846 924 efformat
867 856 1003 923 diversas
1021 874 1135 922 rerum
1151 847 1245 935 imagi·

124 978 191 1041 ures,
210 955 304 1023 instar
320 978 422 1025 rerum
438 977 689 1046 corporearum«
705 955 833 1034 Quando
847 954 958 1044 aliquis
981 964 1123 1023 conatur
1145 948 1246 1038 aliquid

123 1055 305 1146 iuudligerc
332 1058 442 1125 format
465 1059 521 1127 sitii
546 1059 645 1146 aliqua
670 1060 877 1147 phantasmata
914 1080 968 1148 per
993 1058 1134 1125 mudum
1157 1072 1245 1122 cneu-

123 1160 269 1246 pterim,
296 1159 462 1248 inquibus
491 1160 577 1247 quasi
604 1160 741 1248 inspiciat
773 1160 855 1248 quod
880 1158 1059 1248 intelligere
1082 1155 1196 1227 studet.
1216 1151 1245 1218 tr

123 1261 193 1328 inde
216 1271 263 1330 est
283 1261 373 1328 etiam
397 1261 491 1349 quod,
516 1262 639 1349 quando
671 1261 804 1347 aliquem
838 1262 982 1327 uolumus
1018 1259 1125 1327 facere
1148 1253 1245 1342 aliquid

124 1362 306 1450 intelligere,
333 1364 532 1451 proponimus
559 1360 586 1429 ei
610 1362 758 1448 exempta,
785 1359 942 1449 inquibus
966 1360 1027 1428 sibi
1048 1360 1244 1448 phantasmata

125 1462 256 1530 formare
280 1475 377 1554 potest
398 1465 435 1531 ad
458 1463 688 1553 intelligendum
713 1464 724 1503 ¹
752 1489 781 1532 t.

172 1565 265 1634 tttttt.
291 1566 385 1637 Num
410 1587 443 1637 ta
468 1587 602 1637 urutcuu
627 1588 713 1637 narr.
733 1565 846 1655 Nempe
868 1563 943 1632 nihil
968 1563 998 1630 vi
1017 1574 1156 1632 naturae
1171 1560 1244 1629 inni

123 1665 224 1736 hilum
248 1679 345 1757 potest
374 1667 497 1756 redigi,
522 1678 590 1734 tum
612 1667 684 1756 quia
713 1690 727 1731 e
755 1667 876 1735 tendere
900 1668 929 1733 in
956 1665 1103 1734 nihilum
1134 1683 1197 1732 non
1213 1669 1245 1728 cat

126 1769 249 1859 proprie
272 1781 376 1838 motus
399 1780 536 1855 naturae,
560 1766 615 1857 qui
638 1786 759 1854 semper
786 1775 832 1835 est
856 1767 887 1833 in
912 1766 1069 1852 bonum3
1097 1766 1151 1834 sod
1172 1773 1213 1830 est
1227 1762 1245 1827 i·

127 1871 211 1961 psius
233 1872 367 1941 desectus
386 1871 398 1908 ²
418 1898 447 1955 »ς
473 1880 541 1939 tum
570 1871 643 1960 quia
666 1882 821 1955 creatura,
845 1890 917 1936 cum
941 1889 959 1935 a
984 1869 1093 1957 seipsa
1115 1889 1181 1936 non
1201 1863 1247 1935 cii

125 1982 198 2059 stat,
223 1994 321 2061 neque
344 1975 457 2042 ideirco
480 1996 517 2042 cx
543 1973 570 2041 ri
606 1993 661 2042 sua
688 1971 900 2041 inexistentia
926 1983 1118 2059 perseveret,
1135 1970 1166 2038 in
1187 1966 1236 2034 nih'

125 2075 191 2141 lum
216 2075 311 2164 redigi
336 2097 399 2144 non
429 2087 539 2167 potest,
565 2076 622 2145 nisi
645 2087 798 2164 quatenus
819 2074 931 2141 desistit
950 2073 1067 2160 virtus,
1085 2094 1167 2163 quae
1181 2071 1245 2138 illan

128 2176 161 2243 in
184 2196 246 2243 esce
266 2189 438 2245 conservat:
464 2177 537 2245 hacc
560 2188 661 2244 autem
692 2176 790 2245 virtus
814 2177 909 2243 solius
925 2174 978 2242 Dei
995 2177 1126 2263 propria
1141 2184 1195 2240 est.
1211 2169 1245 2237 tt

130 2286 179 2346 cet
203 2277 378 2345 veronens
402 2290 515 2367 posset,
540 2278 564 2343 si
591 2278 688 2362 tollet,
718 2289 872 2344 creaturas
895 2276 925 2342 in
951 2276 1092 2344 nihilum
1117 2273 1244 2362 redigere

125 2391 228 2447 tamen
253 2399 424 2467 numquam
453 2376 610 2467 quidpiam
636 2377 666 2443 in
690 2376 821 2444 nihilum
845 2376 961 2464 rediget
978 2376 1002 2445 ³.

172 2478 279 2547 xxm.
308 2480 402 2548 Nunc
427 2496 550 2548 rornsr
576 2498 694 2547 nauum
726 2499 766 2547 na
792 2497 950 2546 ronanam
981 2498 1018 2546 m
1047 2496 1173 2563 aurun,
1195 2490 1244 2542 urst

127 2602 191 2650 ran
216 2601 356 2659 tatouuu
383 2602 443 2650 ans
475 2601 570 2651 nuru
597 2579 736 2666 Scilicet,
764 2580 804 2661 id,
830 2580 911 2668 quod
935 2590 981 2646 est
1005 2580 1041 2646 in
1068 2572 1245 2668 potentiaad

127 2683 260 2770 aliquem
284 2695 397 2769 actum,
415 2702 477 2749 non
502 2694 600 2772 potest
624 2703 660 2750 cx
682 2682 782 2771 seipso
797 2680 897 2748 rceluci
916 2680 946 2747 in
972 2680 1064 2747 ilium
1080 2674 1244 2764 actumsd

127 2804 182 2873 per
204 2784 335 2873 alimum
359 2805 499 2871 causam,
525 2784 555 2850 in
586 2806 645 2873 qua
671 2784 746 2851 mtio
771 2783 852 2852 itlius
874 2795 960 2851 actus
984 2782 1047 2851 iam
1072 2782 1244 2857 continetur,

128 2883 264 2973 alioquin
291 2885 369 2955 idem
394 2886 562 2956 secundum
587 2887 666 2953 idem
696 2896 775 2954 esset
797 2885 888 2952 sinaut
913 2887 946 2952 iu
970 2892 1045 2954 actu
1061 2895 1093 2954 et
1109 2887 1146 2952 itt
1159 2888 1245 2972 putere

129 2987 173 3053 tta
188 2987 214 3070 ⁴;
239 3008 266 3057 e.
295 3010 325 3076 g.
357 3012 369 3050 t
397 2987 526 3056 caliddm
552 2986 581 3053 in
606 2997 693 3072 actu,
719 2997 753 3051 ut
777 2984 880 3073 ignis,
906 2986 977 3052 facit
1000 2987 1156 3074 lignum,
1179 2980 1246 3072 quud

126 3096 172 3157 est
195 3089 327 3157 calidum
346 3090 376 3156 in
396 3088 540 3179 putentia,
557 3110 623 3159 esse
644 3100 712 3156 actu
729 3088 862 3156 calidum
878 3087 1008 3155 ⁵n.Huic
1024 3089 1123 3158 effato
1137 3105 1246 3178 respon

127 3194 178 3257 dut
203 3192 288 3259 iliud:
322 3196 420 3261 Onrtte
443 3194 523 3280 qtrod
546 3199 686 3261 ructetur
708 3192 746 3259 ab
767 3192 830 3259 olio
851 3199 989 3260 ntevctur
1006 3193 1034 3262 ⁶.

172 3290 277 3358 XXIV.
305 3293 425 3375 Nune,
457 3313 541 3370 ouon
567 3316 624 3363 nsr
640 3316 690 3363 nu
716 3314 944 3379 annuntium,
970 3314 1052 3363 axla
1077 3314 1114 3364 ut
1133 3283 1244 3376 ‘tcrutt

126 3412 193 3461 urst
219 3412 280 3465 unu
305 3415 435 3473 tarcum
459 3386 708 3466 naruntuuurun
732 3418 773 3464 nn
807 3417 915 3476 uuuu;
940 3398 988 3464 oet
1002 3418 1010 3462 :
1040 3398 1087 3465 An
1113 3414 1245 3466 tuurrrn·

127 3514 226 3565 naum
252 3519 291 3566 ur
316 3517 544 3567 tunrrrunnnrt
568 3519 655 3566 nunt
678 3518 934 3567 unranaunnruu
950 3518 1044 3568 ontnt
1061 3494 1246 3570 nonusnd

127 3598 245 3677 renim,
271 3599 477 3684 indifferenter
498 3619 529 3665 cc
552 3597 660 3665 tendere
690 3599 732 3665 od
752 3599 851 3665 multu
872 3598 950 3666 idem
973 3611 1021 3667 est
1044 3620 1081 3668 ac
1106 3619 1172 3667 nou
1191 3614 1248 3663 nto·
1284 3638 1287 3685 :

125 3699 171 3783 pic
194 3700 315 3785 operari
337 3720 454 3769 eertum.
480 3721 571 3787 qimna
595 3700 682 3769 eli-ud
698 3701 709 3737 ⁷
715 3723 724 3781 ,ς
757 3721 832 3788 ergo
859 3724 873 3766 e
899 3712 1019 3791 oportet
1044 3723 1143 3772 urnnc
1166 3718 1247 3790 agenr

172 3865 196 3932 1)
217 3866 303 3933 totu,
324 3885 350 3935 q.
374 3864 522 3933 uxxtttV,
543 3880 570 3917 n.
591 3861 609 3916 t
628 3879 654 3919 c.

169 3951 192 4013 ²)
212 3954 262 4019 pq.
283 3952 394 4019 dt'rpp„
417 3951 458 4003 De
479 3951 553 4016 Pet,
572 3967 599 4019 q.
626 3950 658 4019 V,
679 3967 706 4005 a·
730 3947 740 4002 l
763 3951 798 4005 nd
821 3948 863 4006 16.

173 4032 193 4098 ἲ)
211 4034 271 4087 Vid.
293 4050 314 4087 s.
336 4034 449 4087 Thoan..
471 4032 555 4099 idid„
576 4049 602 4085 a.
624 4030 640 4085 3
660 4043 688 4087 et
708 4034 735 4105 43
756 4044 784 4089 ct
804 4034 824 4102 Ι,
844 4052 871 4104 q.
893 4033 961 4101 etv,
983 4052 1010 4091 a.
1034 4035 1053 4093 3
1074 4047 1104 4096 et
1125 4038 1155 4095 4.

168 4119 192 4183 ⁴)
211 4116 273 4171 Vid.
292 4131 318 4183 p.
340 4114 449 4187 dii-⁵)
469 4118 489 4185 t,
510 4136 538 4185 q.
560 4118 594 4187 tt,
615 4136 641 4171 a.
665 4117 681 4174 3
703 4119 810 4189 c.·-⁶J
831 4120 891 4176 Vid.
912 4122 966 4179 tiu.
990 4123 1025 4180 0.

167 4203 190 4271 t)
211 4201 291 4259 Cant·
314 4200 407 4258 Gerar..
430 4202 476 4257 tib.
499 4202 539 4275 ut,
562 4218 587 4258 e.
601 4202 630 4260 2.
