2760 4770
115 426 119 431 ·
173 374 313 447 Diximus
334 388 437 448 autem
451 370 536 450 'ittut
571 383 805 471 intettigendum
837 376 962 453 esseda
986 377 1117 473 potentia
1137 438 1146 472 ,
1170 407 1248 473 quae

115 481 324 550 'essentialiter
345 482 481 554 ordinata
505 486 545 554 sit
567 487 603 554 ad
629 488 719 555 tatem
743 486 1018 576 actumsiquitam
1042 487 1118 556 nihii
1133 489 1247 565 obstat,

121 581 292 670 quominus
314 606 363 654 ms
386 585 479 657 unius
501 588 633 679 generis,
659 610 712 659 seu
735 590 985 677 praedicamenti,
1002 591 1043 660 sit
1064 590 1096 659 in
1114 590 1247 678 potentia

123 697 264 776 respectu
294 689 428 778 alterius,
460 691 629 780 quoniam,
654 703 689 760 ut
711 690 870 762 caietanus
892 693 1057 780 adnotavit,
1084 715 1100 758 t
1125 694 1246 760 nullum

116 792 403 881 >praedicamentum
436 806 484 866 est
504 797 700 866 essentialiter
723 796 755 865 in
780 797 911 885 potentia
946 806 1084 886 respectu
1111 796 1148 864 ad
1172 795 1246 863 alte·

122 919 196 964 rum
214 896 226 938 ¹
253 921 283 982 m,
309 908 381 987 puta
404 899 572 969 substantia
593 912 639 970 ost
663 899 695 970 iu
717 900 851 991 potantia
873 901 911 969 ad
929 898 1130 992 iucipieudam
1146 919 1243 986 quan·

124 1000 268 1087 litatem,
292 1001 446 1089 quantitas
468 1011 516 1072 est
539 1002 570 1070 in
594 1001 729 1091 potentia
755 1001 794 1070 ad
817 999 1020 1091 recipiendam
1053 999 1242 1089 qualitatem.

122 1101 222 1178 Quam
246 1100 286 1169 ob
308 1101 458 1172 rationem
484 1123 510 1170 s.
536 1102 670 1172 Thomas
693 1101 744 1170 ait:
773 1125 789 1168 t
815 1102 885 1172 Non
908 1111 1030 1193 oportet
1047 1101 1129 1191 quod
1145 1099 1242 1171 inau-

120 1202 193 1271 dum
215 1223 326 1290 gauere
350 1217 505 1293 ponantur
527 1206 680 1296 potentiae
702 1216 732 1274 ει
754 1204 870 1274 actus²
891 1230 921 1275 i.
1000 1280 1002 1283 ,

118 1362 122 1372 .
168 1305 318 1375 XXXVtt.
344 1309 453 1379 Acuus
480 1330 518 1379 uu
542 1325 716 1396 aommm,
739 1331 803 1397 seu,
828 1309 1013 1397 Essiam,
1039 1329 1080 1383 aa
1104 1329 1163 1378 aas
1187 1328 1243 1380 uo·

123 1430 246 1478 usuum
269 1430 352 1480 sum
376 1431 467 1480 tomi.
492 1409 612 1480 Scilicet
634 1431 697 1480 non
721 1422 795 1480 sunt
809 1413 888 1482 idem
903 1413 1022 1481 ratione
1035 1411 1172 1507 samsai,
1190 1432 1244 1479 seu

122 1523 277 1597 quatenus
299 1512 403 1607 eadem
427 1510 467 1580 sit
487 1532 593 1580 eorum
618 1512 712 1603 notio,
736 1514 882 1583 differunt
904 1513 987 1587 enim
1004 1525 1038 1582 ut
1053 1535 1106 1586 ens
1122 1513 1244 1582 inchoa·

122 1627 202 1704 tum,
228 1631 258 1685 ot
281 1619 459 1706 [attactumq
485 1619 536 1687 suti
561 1620 640 1687 idem
663 1633 735 1690 suut
762 1620 895 1709 realiter,
921 1621 1081 1691 nonenim
1098 1621 1245 1691 differunt

122 1731 159 1788 ut
182 1741 230 1787 aas
253 1730 283 1788 ει
305 1742 364 1809 rea,
383 1722 462 1809 quia
484 1741 567 1810 ons,
596 1723 679 1810 quod
703 1743 786 1791 nunc
808 1731 855 1790 est
875 1734 972 1810 autu,
996 1735 1043 1791 est
1067 1724 1117 1791 itta
1140 1716 1244 1793 eadam

122 1842 184 1910 ras,
208 1845 287 1913 [quae
312 1825 396 1912 quius
416 1835 481 1893 emt
504 1823 537 1892 in
561 1826 705 1914 potentia.
736 1825 840 1916 Neque
857 1837 958 1894 tamen
973 1836 1045 1895 sunt
1061 1825 1142 1894 idem
1158 1826 1246 1894 ideu-

121 1927 208 1994 titate
230 1929 372 2016 positiva,
397 1927 484 2016 quasi
506 1948 560 1998 ons
584 1938 763 2013 spectatum
794 1937 883 2018 prout
904 1939 950 1997 est
972 1937 1060 2014 actu,-
1077 1928 1117 1995 sit
1138 1929 1243 1997 eadem

123 2051 182 2113 ies,
207 2051 243 2098 uu
264 2051 319 2098 eus
341 2042 509 2122 spectatum
528 2085 537 2119 ,
563 2043 655 2122 prout
676 2044 723 2102 est
746 2033 777 2100 in
808 2029 968 2120 potantia,
992 2031 1044 2100 sed
1068 2039 1142 2101 suut
1165 2029 1244 2098 idem

121 2134 269 2219 aequtiue,
293 2145 445 2248 quatenus
469 2154 530 2202 non
554 2145 627 2202 sunt
649 2135 726 2202 duae
750 2155 797 2203 tos
823 2128 958 2204 diversae
979 2132 1113 2224 speciei,
1138 2154 1167 2202 ε.
1193 2155 1240 2238 g„

118 2235 230 2316 homo,
254 2236 307 2323 qui
330 2234 443 2322 existit,
468 2247 499 2304 ει
520 2233 574 2325 qui
596 2244 695 2324 potest
721 2233 859 2305 existam.

168 2336 215 2403 Ex
239 2337 286 2405 his
307 2335 464 2424 colligitut
485 2338 575 2404 allato
608 2337 761 2406 axiomati
776 2337 850 2405 illud
877 2353 941 2405 uon
976 2338 1125 2424 obstare,
1150 2338 1245 2408 Actus

118 2449 149 2510 'et
170 2443 307 2531 potetatio
328 2447 398 2508 suet
420 2443 588 2523 contrariaq
614 2440 680 2510 haio
700 2441 783 2509 euim
806 2448 904 2524 aetus,
928 2449 959 2506 et
976 2439 1106 2528 potentia
1122 2439 1246 2512 subeo-

122 2569 193 2614 rum
215 2546 336 2613 formali
361 2544 478 2613 ratione
500 2543 712 2633 accipiuntur,
737 2555 767 2611 ει
798 2544 865 2611 ideo
888 2551 961 2608 suut
983 2542 1165 2626 contrariu,
1190 2565 1245 2610 seu

117 2650 272 2740 privative
294 2649 453 2738 oppositu,
479 2645 630 2734 siquidem
654 2644 804 2735 potentiue
827 2643 912 2712 notio
936 2643 1134 2733 privationem
1156 2658 1243 2713 aetus

120 2752 255 2820 oxhitut.
281 2751 368 2838 item,
393 2771 431 2819 ne
455 2749 527 2818 iilud
550 2747 673 2838 quidem
697 2749 818 2834 obstat,
844 2748 939 2817 tem
961 2752 989 2813 et
1009 2747 1162 2836 potentiue
1185 2748 1246 2834 dis-

118 2846 269 2941 sereotiue
291 2859 361 2924 sitiat
384 2853 472 2920 vata
494 2875 512 2925 o
555 2854 658 2938 ositue,
684 2852 729 2919 vet
752 2850 838 2936 iliud,
862 2851 956 2918 Actus
978 2849 1038 2916 mou
1054 2868 1169 2938 parum
1185 2850 1246 2936 dit·
1269 2898 1273 2908 .

121 2959 181 3044 sert
206 2978 225 3023 e
245 2944 392 3047 patentia
417 2955 475 3021 hoe
492 2872 581 3022 gu
605 2955 650 3021 vel
674 2952 865 3041 significatur
882 2949 1040 3018 notionem
1056 2961 1141 3016 actus
1157 2971 1173 3017 a
1189 2972 1244 3018 uo-

119 3062 209 3128 aiom
231 3054 545 3146 potantiaeditfei‘1u3
571 3055 615 3122 val
640 3075 692 3142 pei·
714 3065 816 3122 autum
832 3050 1020 3141 intelligitur
1042 3051 1167 3136 forato,
1193 3073 1246 3139 pau

122 3163 290 3250 potentiam
306 3171 406 3227 autem
423 3159 564 3238 vauterieq
582 3157 734 3246 quocirca,
751 3178 821 3225 cum
847 3155 984 3242 materia,
1001 3167 1031 3223 et
1047 3155 1143 3222 souma
1160 3154 1246 3223 vaide

116 3265 280 3349 differant,
303 3263 394 3331 etiam
418 3271 526 3348 actus,
551 3272 581 3328 ει
609 3260 767 3348 potentia,
795 3260 852 3326 hoc
874 3278 966 3325 sensu
988 3265 1134 3345 aeoepu,
1160 3257 1245 3325 vuido

120 3378 197 3437 sunt
219 3366 347 3434 ‹tiva-sa.
395 3410 398 3417 -

118 3483 122 3489 ’
168 3466 330 3536 xxxvttt.
358 3467 466 3536 Actus
496 3484 528 3534 tu
555 3483 646 3534 uoms
670 3482 925 3533 aasufuauuuus
949 3481 1008 3530 usu
1034 3481 1245 3546 Possumus,

118 3593 188 3642 asom
214 3589 325 3640 iussu
348 3589 380 3638 tu
398 3588 505 3638 mams.
526 3567 604 3634 Hioo
620 3567 729 3634 iustius
745 3575 790 3632 est
807 3563 927 3643 homiui
945 3582 1140 3650 cognoscere,
1154 3583 1247 3654 quam

120 3677 187 3744 vim
211 3675 319 3742 habere
341 3673 379 3739 ad
402 3671 661 3760 cognoscendum,
686 3668 784 3736 Duum
807 3677 888 3750 autu,
906 3687 999 3755 quam
1019 3686 1112 3754 possa
1134 3686 1247 3751 amam,

119 3800 188 3848 esse
212 3797 321 3847 sanum
343 3788 428 3858 autu,
451 3793 543 3862 quam
568 3791 656 3861 posse
678 3790 786 3848 sanum
810 3769 945 3862 euadere.
973 3769 1066 3836 Actus
1090 3770 1170 3836 enim
1195 3771 1248 3837 bo-

122 3900 183 3950 uus
209 3878 371 3966 potentiam
395 3875 426 3943 iu
450 3874 581 3962 perfeeto
616 3883 694 3941 statu
719 3871 1023 3951 atiquatenus,
1047 3871 1180 3940 detmius
1203 3884 1249 3941 ost

120 4008 252 4077 aegrum
275 4005 352 4071 esso,
369 4003 462 4072 quom
482 3999 570 4068 posse
594 3977 626 4046 iu
649 3972 868 4066 aegritudinem
883 3976 1033 4046 inuidere.
1057 3977 1141 4047 (lituu
1164 3971 1247 4066 quud

160 4196 186 4266 ι)
206 4195 236 4251 10
255 4195 312 4250 mc.
333 4191 382 4249 aa.
403 4207 427 4246 s.
447 4155 549 4246 moin.

158 4283 184 4351 ²)
200 4280 232 4338 lu
250 4277 301 4336 lib.
323 4277 332 4333 l
353 4275 446 4350 Stat,
467 4275 536 4335 Dist.
558 4272 616 4348 Vtt,
635 4289 664 4346 q⁴
686 4272 707 4349 t,
727 4287 754 4332 a.
774 4269 792 4328 2
813 4271 848 4328 ud
868 4271 896 4329 2.
