2760 4770
159 390 238 459 inter
261 390 337 458 duas
361 394 434 475 res,
461 408 591 478 quarum
615 390 705 456 altera
730 388 775 455 vel
797 388 836 455 ab
859 386 951 455 altera
975 388 1139 476 separatim
1162 388 1273 475 existit,

54 480 58 485 ’
153 503 188 560 ιιι
213 492 293 561 inter
316 492 494 582 Pompeium
517 503 548 560 et
570 494 741 574 Gaesarem
768 492 814 558 vel
839 491 877 558 ab
898 512 933 559 ea
956 493 1088 581 separari
1106 503 1218 580 potest,
1241 502 1275 557 ut

152 595 231 663 inter
251 596 385 664 animum
407 608 437 664 et
459 617 598 686 corpus;
623 599 670 665 rel
693 594 847 665 relationis
881 596 1107 685 oppositionem
1130 595 1169 662 ad
1196 596 1274 664 illam

153 697 289 786 involvit,
313 709 348 767 ut
372 699 403 767 in
426 698 540 768 Divinis
569 698 650 768 inter
673 699 804 786 Patrem,
827 707 858 767 et
880 697 1003 768 Filium.
1024 698 1188 767 Distinetio
1212 719 1275 767 reu·

149 797 188 866 lis
209 802 313 869 miror
333 810 379 870 est
399 822 447 891 ea,
471 822 549 891 quae
572 800 728 870 intercedit
752 799 831 869 iuter
854 821 919 868 rem
941 803 1095 889 aliquam,
1120 811 1153 870 et
1179 801 1274 892 ipsius

151 903 291 986 modum;
315 925 344 973 e
370 927 417 995 g,
449 905 529 974 inter
549 889 680 995 digitum
702 915 734 974 et
755 903 822 973 eius
838 904 1046 986 inflexionem
1063 906 1147 972 inter
1163 903 1274 973 lineam

133 1012 179 1072 .et
201 1005 268 1076 eius
282 1008 501 1097 obliquitatem.
518 1007 677 1076 Distiacbo
697 1006 827 1076 rationis
841 1016 886 1074 est
900 1026 1042 1094 eaquae
1058 1027 1076 1074 a
1100 1019 1210 1078 mente
1224 1029 1274 1077 ex-

148 1105 300 1196 cogitatur
322 1109 355 1179 in
379 1110 441 1197 iis,
477 1126 681 1201 quaererem
704 1130 802 1177 tinum
826 1106 966 1196 idemque
987 1119 1073 1190 suut;
1099 1110 1274 1199 iterumque

146 1207 257 1296 duplex
279 1222 338 1300 est,
363 1211 477 1281 scilicet
504 1212 631 1280 rationis
670 1210 907 1297 ratiocinantis,
942 1218 974 1279 et
994 1213 1125 1279 rationis
1150 1215 1273 1282 ratioci-

147 1317 248 1397 natur.
275 1311 388 1403 Prima,
412 1333 491 1402 quae
522 1324 646 1404 propter
667 1332 757 1383 suam
780 1310 958 1380 inanitatem
980 1315 1148 1402 eupatoria
1172 1319 1271 1406 appel-

66 1496 74 1505 ·
146 1414 239 1502 latur,
262 1427 309 1485 est
331 1439 376 1506 ea,
400 1438 479 1506 quae
502 1416 538 1490 ιιι
558 1413 624 1485 sine
646 1414 846 1482 laudamento
869 1411 902 1481 iu
923 1434 969 1498 re;
993 1437 1021 1486 e.
1047 1437 1095 1504 g,
1120 1438 1198 1485 cum
1223 1418 1272 1487 Pe·

147 1526 215 1588 trus
236 1518 269 1588 iu
290 1521 348 1588 bac
370 1519 586 1610 propositione,
614 1519 723 1587 Petrae
744 1525 787 1585 ert
812 1518 932 1605 Petras,
951 1515 993 1585 ita
1015 1537 1033 1585 a
1055 1518 1148 1589 uobis
1173 1521 1270 1590 cousi·

145 1622 295 1711 duratur,
319 1621 405 1711 quasi
428 1642 482 1710 pur
508 1619 590 1688 aliud
613 1620 736 1688 haberet
765 1618 915 1688 rationem
944 1618 1084 1707 subiecti,
1111 1636 1170 1710 per
1191 1621 1271 1690 alind

144 1744 216 1794 reru
239 1746 352 1795 munus
386 1724 483 1819 obiret
505 1722 678 1812 praedicati.
703 1720 804 1791 Altera
833 1732 881 1792 est
911 1741 957 1810 ea,
982 1743 1059 1810 quae
1081 1723 1121 1791 fit
1145 1744 1221 1792 cum
1242 1747 1270 1794 a·

144 1826 229 1916 liquo
252 1824 452 1896 fundamento
474 1826 505 1894 in
529 1847 587 1912 re,
613 1846 686 1894 cum
720 1844 829 1914 nempe
852 1845 940 1895 meus
962 1825 994 1893 in
1017 1845 1078 1893 unu
1102 1829 1271 1920 cademque

144 1931 288 2019 replum
309 1928 453 2018 concipit,
477 1938 633 2018 propterca
661 1930 744 2019 quud
768 1950 817 1998 res
840 1929 903 2017 ipsa
925 1928 991 1997 eius
1013 1928 1053 1997 sit
1069 1941 1215 2021 naturae,
1239 1946 1270 2004 ut

143 2031 282 2120 pluribus
306 2033 504 2122 aequivaleat,
521 2034 567 2101 vel
583 2032 682 2101 varios
707 2033 852 2120 producat
873 2032 1010 2114 effectum
1028 2027 1216 2105 huiusmodi
1230 2050 1271 2108 cst

141 2152 177 2201 ea
199 2154 278 2221 qnae
301 2134 459 2203 intercedit
482 2135 558 2202 inter
588 2135 726 2205 absoluta
748 2133 897 2202 attributa
917 2133 984 2211 llei3
1003 2134 1053 2202 illu
1068 2136 1158 2206 enim
1184 2140 1269 2210 vanu

141 2244 174 2304 et
194 2235 344 2306 distinctis
375 2231 571 2328 conceptibus
599 2236 794 2324 cogitamus,
818 2246 909 2325 atque
931 2235 1025 2306 buius
1058 2253 1267 2330 conceptuum

140 2337 295 2410 varietatis
318 2338 551 2408 laudamentum
586 2338 618 2404 iu
642 2336 713 2428 ¹ipsa
736 2337 861 2407 Divinae
882 2337 1075 2426 perfectionis
1101 2343 1267 2414 eminentia

139 2448 196 2522 est;
222 2440 373 2531 siquidem
389 2442 504 2512 Divina
527 2441 699 2528 Attributa,
723 2441 779 2511 etsi
803 2440 834 2510 in
858 2441 924 2530 ipsc
947 2441 1009 2509 Deo
1032 2463 1097 2511 una
1122 2465 1173 2515 res
1197 2446 1263 2533 siut,

138 2552 240 2612 tamen
264 2565 313 2614 res
335 2544 384 2614 illa
410 2535 548 2634 pluribus
570 2543 740 2632 aequivalet
768 2541 1002 2634 perfectionibus
1016 2545 1133 2615 creatis
1149 2547 1262 2617 realiter

137 2644 312 2734 distinctis,
350 2657 383 2716 et
410 2647 545 2717 diversos
568 2646 709 2735 producit
740 2647 887 2732 ellectus,
926 2643 979 2735 qui
1000 2666 1018 2712 a
1042 2647 1148 2717 causis
1174 2649 1260 2738 nipe

137 2738 286 2818 distinctis
323 2747 449 2837 produci
473 2751 584 2818 solent.
618 2746 782 2826 Quorcireu
796 2743 881 2816 'haec
900 2745 1055 2816 distinctio
1095 2752 1259 2840 appellatur

136 2848 226 2919 etiam
250 2851 418 2936 virtualis,
440 2849 512 2940 quia
535 2870 695 2940 resquae
722 2869 865 2937 peream
894 2845 1110 2938 distinguitur,
1137 2853 1207 2922 licet
1226 2850 1258 2922 sit

134 2972 207 3039 una,
232 2963 333 3021 tamen
356 2952 463 3022 multis
485 2953 598 3023 uirtute
619 2951 798 3041 aequivalet,
815 2971 842 3018 e.
861 2972 908 3040 g,
927 2950 1140 3022 misericordia
1163 2966 1194 3024 et
1215 2952 1256 3023 iu·

133 3054 211 3128 stitia
234 3055 298 3136 Dei,
323 3075 401 3145 qaae
424 3064 496 3122 sunt
520 3075 580 3123 una
603 3062 633 3122 et
654 3054 758 3122 eadem
775 3073 832 3139 res,
852 3072 959 3140 nempe
982 3051 1063 3123 lleus
1090 3051 1169 3146 ipsc,
1186 3058 1254 3128 dua·

7 3164 9 3169 ’
133 3147 191 3226 bus
214 3155 379 3226 virtutibus
401 3177 502 3247 revera
518 3156 667 3226 distinctis
682 3154 881 3243 aequivaleut.

178 3256 298 3328 Praeter
314 3257 368 3326 bas
390 3249 593 3328 distinctionis
616 3255 729 3347 specics
750 3254 859 3324 Suetus
875 3250 994 3322 tertiam
1011 3257 1044 3325 in
1068 3256 1194 3330 Scholis
1215 3261 1253 3331 in·

133 3357 224 3448 rexit,
240 3380 333 3455 quam
348 3360 509 3448 formalem
525 3382 561 3427 cx
585 3367 700 3428 austra
719 3358 766 3426 rei
788 3357 986 3446 nuncuparit.
1001 3357 1195 3435 Huiusmodi
1215 3362 1254 3432 di

132 3461 278 3551 stinctio,
302 3483 340 3532 ex
354 3462 420 3534 eius
443 3462 603 3546 sententio,
629 3483 662 3530 ca
685 3471 742 3549 est,
772 3481 850 3550 qaae
872 3461 1029 3531 intercedit
1052 3461 1137 3535 inter
1162 3470 1253 3560 plura,

130 3586 207 3684 quae
222 3565 253 3636 in
269 3587 301 3636 se
313 3568 435 3638 realiter
451 3587 514 3636 nou
529 3566 776 3654 distinguuntur,
794 3584 893 3654 oeque
907 3585 925 3633 a
939 3585 971 3635 se
986 3563 1122 3638 iniicem
1139 3579 1253 3687 separa·

129 3669 155 3737 ri
178 3679 307 3759 queunt,
325 3671 375 3748 sed
399 3670 464 3740 eius
487 3679 559 3739 suut
582 3680 720 3755 naturae,
733 3678 778 3755 ut
792 3669 907 3738 seclusa
930 3667 1041 3736 mentis
1064 3673 1251 3763 operatione,

129 3770 263 3883 diversas
284 3771 477 3841 definitiones
499 3769 641 3859 exigant,
665 3769 861 3883 diversusque
891 3776 1055 3855 conceptus
1079 3771 1250 3862 exhibeant,

128 3874 198 3964 quia
214 3852 323 3962 imam,
340 3884 488 3966 quatenus
503 3876 573 3960 talc,
587 3875 716 3942 alterum
738 3892 755 3938 a
770 3871 818 3940 sui
833 3865 981 3961 conceptu
996 3872 1139 3942 excludit
1140 3888 1250 3967 ,atque

127 3977 195 4065 uni,
220 3987 370 4066 quatenus
393 3978 444 4044 tali
448 3974 597 4067 ,aliquid
618 3973 772 4059 convenit,
788 3971 872 4061 quod
895 3971 998 4058 alteri,
1015 3985 1177 4060 quatenus
1193 3979 1246 4066 tali,

125 4097 189 4147 nou
211 4077 364 4147 convenit.
390 4077 427 4147 E.
454 4097 500 4165 g,
525 4075 703 4146 urtimalitua
724 4081 755 4140 et
776 4071 996 4158 rationalitaas'
989 4092 1022 4140 m
1036 4073 1171 4146 homine¹
1193 4098 1246 4147 uun

124 4178 357 4270 distinguuntur
378 4179 511 4267 realiter,
525 4177 597 4268 quia
619 4198 681 4258 uua
704 4175 810 4264 nequit
831 4195 897 4246 esse
918 4172 984 4243 sine
1006 4176 1133 4262 altera,
1159 4198 1246 4268 neque

124 4293 243 4352 tantam
266 4282 394 4368 ratione,
417 4279 490 4369 qaia
511 4289 581 4348 ante
602 4297 727 4358 omnem
743 4275 915 4349 intellectus
937 4275 1094 4349 actionem
1109 4282 1249 4354 unitari·
