2760 4770
132 377 219 466 qnod
243 378 431 466 praedicatur
452 378 490 447 ad
513 377 641 447 modurn
658 376 808 461 admetiri,
826 378 886 447 boc
906 387 953 448 εει
975 377 1013 447 ad
1036 378 1166 448 modurn
1187 397 1264 467 qua-

135 479 231 548 litatis
251 483 339 570 quasi
362 482 537 569 adiacentis,
566 492 598 550 ct
621 503 684 551 non
707 502 762 572 peu
783 482 950 551 sectantis.
968 482 1057 572 E.g.,
1075 481 1106 551 in
1130 481 1210 551 hisce
1231 501 1264 549 e·

134 580 396 653 nunciaticoibus:
423 583 525 653 Homo
555 592 602 653 est
625 582 715 668 liber,
741 583 849 653 Petrus
870 593 917 654 est
937 585 1059 674 doctus,
1084 581 1265 673 praedicatio

133 695 181 753 est
203 687 236 753 ιιι
258 686 358 774 quale.
388 686 454 756 Iloc
477 687 568 754 modo
596 686 633 754 de
656 685 793 756 subiecto
815 688 1027 775 praedicantur
1049 686 1207 779 proprium
1230 697 1261 754 et
1298 776 1301 780 Ι

135 786 301 874 accidens,
326 788 401 857 illud
424 790 458 857 in
481 787 570 877 quale
598 792 776 876 necessario,
809 789 890 860 istud
920 792 953 858 t'n
976 791 1068 880 puolo
1088 789 1264 877 coortupoa-

134 894 183 956 ter
207 888 319 969 ¹.Quod
341 889 367 957 si
391 912 449 959 uox
471 888 613 959 adiectira
641 893 854 981 proprietatem
875 892 1016 982 exprimit
1037 893 1074 960 ad
1098 891 1141 961 rei
1162 910 1265 959 essen·

133 990 209 1057 tiam
232 991 456 1078 pertinentem,
487 1002 562 1060 tuuc
591 992 782 1080 praedicatio,
803 992 917 1061 dicitur
938 994 973 1060 in
1000 993 1089 1083 patale
1111 991 1196 1082 perid.
1222 989 1259 1060 u.

132 1109 182 1180 g,
207 1093 355 1161 emicante
382 1093 571 1184 praedicatur
599 1096 636 1163 de
660 1094 782 1164 homine
804 1098 838 1164 in
860 1096 949 1184 puolo
970 1096 1068 1184 perid,
1093 1105 1185 1183 atque
1207 1114 1260 1183 gc-

130 1192 263 1261 neratim
285 1193 329 1264 sic
350 1215 560 1284 quaecumque
583 1195 750 1265 differenda
771 1195 960 1284 praedicatur
973 1197 1013 1268 de
1034 1194 1143 1285 specie,
1167 1214 1261 1283 quarn

129 1294 303 1366 constituit.

179 1396 286 1467 XVIII.
311 1397 346 1468 Iu
369 1400 573 1471 onero—Iu
597 1419 748 1480 outrnuo.
786 1401 820 1471 l⁰
843 1399 1009 1472 Terminus
1041 1398 1204 1468 adhibetur
1225 1397 1261 1467 to
1367 1416 1370 1421 ·

125 1505 221 1585 recto,
246 1500 273 1570 si
295 1499 439 1591 accipitur
461 1508 496 1571 nt
518 1502 627 1592 pnod;
652 1505 687 1571 in
710 1502 849 1593 obliquo,
881 1502 907 1573 si
928 1500 1075 1592 accipitur
1097 1508 1132 1572 ul
1152 1521 1212 1590 qno
1227 1497 1254 1572 ².

128 1600 164 1668 9⁰
190 1602 228 1671 In
249 1609 329 1672 recto
351 1606 515 1694 importari
546 1603 620 1674 illud
645 1605 769 1693 dicitnr,
787 1606 869 1695 quod
887 1605 919 1674 iu
934 1604 1113 1676 delinitione
1130 1603 1178 1670 cei
1201 1621 1256 1690 po-

125 1701 226 1788 nitur,
250 1715 286 1772 ut
307 1705 464 1774 essentiale
491 1708 738 1776 cmtstt'tutt'vtrm:
767 1706 805 1776 In
828 1707 967 1796 obliquo,
994 1706 1092 1792 illud,
1116 1704 1200 1793 quod
1223 1701 1256 1772 in

122 1804 303 1875 definitione
326 1811 428 1877 locum
451 1829 516 1877 non
539 1809 639 1896 babet,
670 1810 722 1878 sed
745 1821 847 1879 tamen
871 1831 944 1878 curn
966 1829 1029 1877 uno
1051 1828 1088 1876 ex
1110 1807 1255 1877 constitu·

125 1908 201 1975 tiois
222 1909 425 1980 connectitur.
446 1910 511 1978 IIoc
534 1929 626 1979 seusu
642 1911 699 1978 bae
718 1929 807 1979 voces
822 1909 1007 1997 respondent
1030 1907 1100 1978 illis:
1125 1908 1256 1978 Formo·

128 2009 457 2099 ditor-Consecuticc,
482 2032 557 2101 quos
579 2011 652 2081 alibi
675 2009 891 2101 explicavimus
909 2011 932 2078 ³.

175 2110 257 2181 XIX.
283 2112 502 2184 Inratnucrus
528 2112 899 2185 acuns-Inrutuncrus
928 2131 1080 2183 ramnus·
1104 2107 1256 2192 Quoniam

121 2213 274 2282 essentiae
297 2235 400 2284 rerum
425 2215 641 2303 materialium,
665 2224 840 2304 quaesunt
862 2211 1019 2285 obiectum
1043 2212 1255 2304 proportiona-

126 2330 199 2385 tum
224 2318 389 2387 intellectui
412 2319 561 2406 humano,
585 2329 678 2407 prout
699 2329 773 2387 sunt
795 2328 881 2386 extra
905 2317 1054 2407 animam,
1070 2329 1100 2386 et
1121 2339 1139 2387 a
1162 2317 1260 2406 phan-

124 2418 263 2486 tasmatis
278 2431 551 2508 repraesentantur,
568 2442 630 2489 non
652 2431 727 2493 sunt
742 2419 952 2508 intelligibiles
973 2431 1056 2506 actu,
1072 2419 1183 2509 duplex
1206 2417 1256 2486 in·

124 2523 267 2589 tellectus
289 2522 326 2590 ad
341 2523 554 2612 explicandum
578 2534 679 2591 actum
705 2521 918 2592 intellectionis
940 2532 986 2590 est
1008 2519 1256 2610 distinguendus

120 2641 229 2710 opens,
254 2633 285 2691 et
304 2627 434 2714 potiens.
466 2624 637 2694 Intellectus
661 2645 753 2713 operta
776 2634 822 2693 est
842 2645 877 2693 ea
900 2625 997 2694 virtus
1019 2622 1150 2710 animae,
1173 2639 1253 2711 quae

120 2743 163 2792 ex
186 2724 400 2811 phantasmatis
424 2727 537 2817 specics
565 2726 792 2816 Intelligibiles,
825 2725 868 2795 rei
890 2723 1052 2796 essentiam
1080 2743 1252 2814 repraesen-

125 2833 239 2915 tantes,
263 2827 364 2916 efficit,
382 2839 532 2918 qnatenus
547 2831 758 2918 phantasmata
774 2828 916 2916 illustrat,
939 2837 1031 2918 atque
1052 2850 1091 2898 cx
1112 2825 1156 2898 cis
1177 2847 1253 2897 con·

123 2926 258 2999 ditiones
281 2933 451 3001 materiales
472 2933 632 3018 abstrahit,
656 2933 762 3002 eodem
785 2935 845 3002 scre
868 2931 984 3018 modo,
1007 2950 1071 3019 quo
1094 2930 1198 3018 fulgor
1217 2949 1251 2999 e-

123 3050 274 3118 rumpens
295 3055 333 3101 ox
356 3033 454 3101 oculis
476 3031 541 3100 selis
555 3032 671 3101 obiecta
698 3033 843 3121 illustrat,
867 3053 963 3120 eaque
986 3030 1114 3100 visibilia
1137 3029 1246 3099 reddit.

121 3131 297 3201 Intellectus
318 3137 437 3222 potions
463 3145 507 3202 ost
530 3154 565 3202 ea
588 3133 686 3201 uirtus
708 3133 839 3222 animae,
872 3152 949 3222 quae
970 3129 1083 3222 species
1106 3130 1250 3220 Intelligi-

123 3233 214 3317 biles,
231 3235 278 3333 ab
301 3237 455 3306 intellectu
477 3247 586 3326 agente
611 3237 790 3322 elaboratas,
807 3236 840 3305 in
862 3255 907 3323 se,
920 3245 1077 3323 tamquam
1100 3232 1132 3302 ln
1154 3235 1255 3322 qood-

90 3424 99 3437 ·
122 3340 198 3406 dam
222 3340 526 3430 speculumexcipil,
551 3351 583 3408 et
605 3361 658 3430 per
685 3361 736 3409 eas
758 3339 910 3409 obiectum
933 3339 972 3407 ab
994 3339 1107 3410 eisdem
1131 3357 1253 3427 reprae-

123 3448 280 3509 sentatum
303 3443 510 3532 apprehendit.
535 3442 653 3510 dicitur
673 3442 766 3512 ctiam
780 3442 938 3534 posseditis,
961 3461 1023 3510 non
1040 3439 1166 3531 quidam
1179 3437 1252 3530 qnia

123 3561 190 3610 nou
214 3541 252 3610 sit
274 3544 389 3635 aliquid
414 3546 504 3633 reale,
528 3545 579 3612 sed
608 3543 680 3633 quia
702 3555 748 3614 est
768 3542 800 3612 in
815 3543 949 3634 potentia
964 3544 1001 3611 ad
1016 3543 1130 3632 species
1147 3563 1251 3612 rorum

123 3642 339 3734 recipiendas,
363 3656 393 3714 ct
417 3646 485 3715 idco
507 3666 524 3714 a
548 3644 683 3734 potentia
707 3644 870 3714 adactum
904 3642 1091 3734 intelligendi
1124 3664 1251 3735 progre-

119 3744 207 3814 ditur·
221 3747 247 3818 ⁴.

162 3936 186 4009 ¹)
206 3938 268 3997 vid.
287 3957 315 4011 p.
338 3941 429 4012 8.-²)
449 3941 512 4000 Vid.
533 3942 585 3999 litt.
607 3941 710 4015 (la-³)
728 3940 759 3997 P.
781 3937 843 3998 129.

158 4024 184 4093 ⁴)
204 4024 388 4098 vlmanectes
406 4028 741 4100 inepresso-ocpressu,
753 4026 840 4084 lites.
858 4023 940 4092 Quae
958 4022 995 4080 ud
1012 4021 1156 4094 duplicem
1166 4022 1241 4079 hauc

122 4107 302 4183 lntuIIIgendi
322 4116 457 4172 virtutem
476 4117 686 4187 spectaculum
704 4114 845 4184 explicata
865 4111 993 4169 iuvenies
1011 4110 1087 4180 apud
1105 4109 1243 4164 Snnscro·

122 4197 198 4267 atrro,
220 4199 293 4256 Ibit.
317 4200 436 4274 Christ,
455 4201 595 4274 Danum,
613 4199 670 4261 rol.
691 4197 726 4272 ll,
746 4212 772 4256 c.
785 4194 843 4270 vlt,
856 4211 903 4256 aa.
922 4192 942 4251 6
958 4210 1032 4268 sup,
1050 4208 1080 4266 p.
1097 4191 1150 4251 599
1168 4208 1243 4265 acm,

120 4281 240 4356 Neapoli
263 4281 342 4341 1862.
1151 4288 1154 4293 ⁴
