2760 4770
10 396 28 441 n
64 380 126 449 luto
149 380 330 463 colorantur,
355 377 412 450 nisi
436 375 519 447 enirn
543 376 574 447 id
598 378 663 466 snt,
685 376 821 449 converti
846 397 910 447 non
934 387 1089 470 poterunt,
1105 375 1190 447 ursi
1279 368 1282 373 ’

10 482 29 548 ri
64 492 158 569 corint
180 482 217 549 ml
240 481 352 551 onimul
375 479 539 567 relocatur,
571 499 634 549 non
655 498 728 548 curu
750 498 789 549 eo
810 487 1005 549 convertetur
1021 500 1040 562 ;.
1056 499 1128 548 nom
1151 477 1190 547 li·

14 606 29 653 e
64 593 114 653 col
135 603 228 652 omne
249 593 342 675 caput
365 582 405 649 sit
427 580 556 651 alicuius
579 577 731 665 animalis,
762 589 864 649 tomen
886 599 949 649 non
970 600 1063 651 omne
1077 577 1193 651 animal

10 700 28 753 t·
64 695 156 771 copul
180 684 280 769 lubet,
305 695 341 753 ut
363 682 463 752 videre
487 681 556 750 licet
578 680 610 749 in
633 678 799 768 vermibus,
821 679 941 769 ostreis,
965 682 1093 768 echinis,
1110 692 1142 752 ει
1155 701 1188 749 a·

63 783 116 863 liis
139 784 306 854 nonnullis.
333 783 470 873 Denique
502 783 577 852 illud
612 782 800 863 monendum
828 793 875 851 εει
907 803 980 852 oum
1002 804 1029 852 ε.
1054 782 1186 871 Thomu,

10 912 25 961 r
62 886 145 974 quod
168 909 182 951 n
207 886 349 976 quamvis
372 886 492 957 relativa
519 895 748 975 consequantur
770 905 802 955 se
824 883 855 957 in
882 905 974 972 esse,
998 904 1062 955 non
1086 896 1189 956 tamen

10 1017 21 1064 ιε
62 1000 298 1076 consequuntur
332 1008 364 1058 se
387 987 419 1056 in
447 988 514 1057 aliis
537 983 812 1075 proedicamcnlis:
839 987 1007 1055 nonenim
1035 985 1185 1077 sequitur,

10 1122 18 1141 r
61 1087 93 1158 si
118 1100 202 1176 pater
224 1099 270 1160 est
293 1091 442 1178 musicus,
466 1090 549 1181 quod
572 1088 655 1158 filius
682 1097 729 1158 εει
752 1085 889 1158 musicus
913 1087 926 1128 ¹
952 1113 982 1160 n.

110 1189 147 1260 V.
172 1189 305 1263 liscum
329 1213 395 1264 uon
416 1213 544 1263 monor
568 1209 789 1262 conrnnntnn.
814 1188 930 1280 Nempe
957 1191 983 1259 si
1006 1191 1098 1262 relatu
1120 1209 1189 1281 spo·

10 1326 12 1333 ·
59 1300 185 1359 otcntur
206 1293 375 1362 secundum
410 1293 486 1362 illud
514 1292 680 1378 occidons,
703 1292 787 1381 quod
810 1301 985 1362 esseorum
1009 1293 1189 1364 lundomen-

59 1404 144 1481 tum,
169 1404 242 1462 tunc
264 1403 392 1483 possunt
413 1392 523 1487 habere
545 1391 753 1472 contrarium,
777 1394 824 1463 rel
848 1413 924 1480 non,
941 1403 1031 1482 prout
1048 1394 1122 1465 illud
1136 1413 1187 1463 cn·

57 1514 122 1584 pon
143 1492 182 1577 sit
204 1495 370 1586 contrarii,
394 1497 443 1566 vel
465 1516 541 1565 non.
567 1493 605 1566 [t.
631 1515 676 1584 g,
707 1494 841 1582 celatim,
864 1515 942 1583 quae
964 1497 1134 1565 funduntur
1156 1495 1191 1567 iu

57 1595 218 1685 qualitate,
242 1598 356 1670 habent
383 1599 600 1686 contrarium,
632 1607 704 1688 putu
728 1597 826 1669 virtus
849 1599 998 1668 contrario
1030 1610 1077 1669 cst
1100 1596 1186 1682 vitio;

58 1719 151 1770 secus
174 1719 246 1769 vero
268 1721 330 1788 ou,
354 1719 432 1789 quae
461 1698 638 1768 innituntur
668 1697 699 1768 in
721 1698 902 1788 quantitate.
927 1698 1015 1779 Quod
1045 1699 1070 1768 si
1095 1701 1189 1770 relato

55 1801 300 1890 considerentur,
325 1814 417 1894 prout
439 1802 477 1870 ad
501 1802 613 1892 aliquid
634 1803 820 1885 referuntur,
846 1821 909 1871 non
930 1801 1042 1870 hnbcnt
1057 1799 1183 1891 quidem

56 1904 307 1974 contrarietatem
331 1902 450 1993 proprie
473 1914 636 1993 occeptum,
662 1913 744 1993 puto,
768 1901 893 1974 scientio
917 1924 980 1973 non
1004 1913 1051 1973 est
1065 1911 1188 1973 contra·

56 2004 105 2074 riu
128 2005 252 2090 scibili;
276 2009 328 2077 sut
352 2017 472 2076 tontum
496 2006 721 2096 oppositionem
749 2004 906 2076 relativum
930 2027 1004 2075 cum
1020 2025 1057 2074 εο
1084 2003 1189 2076 lubet.

55 2106 157 2176 Porro
174 2109 247 2178 hoec
262 2108 413 2203 oppositio
435 2120 482 2179 εει
505 2109 633 2178 minime
649 2108 791 2178 omnium
813 2109 1044 2200 oppositionum
1061 2105 1088 2188 ²;
1105 2105 1186 2177 ideo·

57 2230 123 2299 qne
151 2209 243 2280 officit
266 2222 301 2280 nt
324 2212 414 2279 reluta
438 2232 502 2281 non
531 2233 564 2281 se
587 2221 697 2282 mutuo
720 2212 892 2299 destruunt,
916 2210 998 2293 siout
1018 2209 1182 2303 contionis,

57 2312 112 2380 sod
131 2322 249 2381 tontum
266 2324 300 2380 ut
322 2313 379 2381 sibi
402 2333 419 2381 e
443 2313 567 2403 regione
586 2312 798 2401 respondeant.
812 2312 885 2381 lnde
907 2312 1007 2382 evenit
1032 2325 1064 2381 ut
1080 2311 1188 2382 liuius-

57 2413 145 2482 modi
162 2414 312 2504 oppositio
334 2413 427 2484 etium
450 2417 483 2482 iu
506 2415 629 2484 Divinis
650 2412 756 2483 haberi
782 2414 889 2502 possit,
905 2414 975 2502 (puio
999 2433 1035 2481 ox
1059 2434 1094 2481 eu
1119 2410 1182 2482 non

56 2514 161 2604 aliquo
183 2514 334 2586 enascitur
359 2514 550 2603 privatio,sod
575 2515 638 2585 sola
662 2515 751 2584 ronlis
771 2514 937 2600 distinctio,
961 2535 1039 2602 qnae
1060 2513 1186 2605 insuper

56 2635 124 2685 non
148 2615 332 2706 respiciendo
354 2629 399 2686 εει
422 2618 590 2687 secuudum
605 2638 671 2685 run
693 2617 872 2704 absolutum,
889 2637 998 2706 nempe
1013 2619 1185 2705 essentium,

56 2719 94 2787 in
115 2739 182 2806 quu-
199 2725 241 2786 εει
263 2741 388 2788 sutrnuu
410 2722 554 2805 collucet
568 2719 813 2808 stmptuttasped
834 2719 1002 2788 secuudum
1024 2739 1092 2787 rem
1107 2719 1188 2790 rolo-

59 2822 161 2889 tioom
179 2821 203 2890 ⁵.
240 2821 290 2889 Sic
315 2821 453 2890 lateret
487 2820 583 2903 Filius
604 2820 838 2912 distinguuntur
859 2820 893 2890 in
915 2819 1032 2894 Divinis
1055 2842 1109 2913 per
1130 2841 1203 2913 op·

60 2921 244 3012 positionem
267 2923 419 2992 relativam
437 2924 465 2994 ⁴.

108 3023 156 3092 Vl.
185 3024 315 3096 Rnnnm
340 3047 405 3098 nou
428 3045 618 3098 snscnrnnr
641 3046 737 3098 uncis
760 3046 802 3097 nr
826 3045 972 3096 uinus«
999 3024 1185 3113 Relationes,

55 3126 150 3198 aits.
173 3127 318 3218 Thomas,
337 3150 400 3199 non
423 3129 572 3220 recipiunt
593 3126 705 3220 magis,
729 3138 761 3198 et
784 3127 917 3198 minus⁵
941 3151 971 3196 n.
997 3127 1182 3197 Subonditur

52 3249 115 3319 por
136 3251 180 3299 se.
205 3229 273 3298 Non
296 3231 378 3298 enirn
403 3231 508 3299 relntio
529 3229 650 3315 crescit,
674 3240 727 3298 aut
749 3229 895 3299 decrescit
908 3227 1035 3302 ¹ratione
1057 3229 1117 3300 sui.
1137 3229 1175 3298 tt.

55 3352 104 3420 g,
128 3352 228 3400 unum
251 3334 381 3422 duplum
407 3353 468 3402 non
491 3344 538 3401 εει
560 3333 656 3399 altero
680 3329 778 3420 mogis
799 3331 943 3422 duplum,
960 3352 1032 3401 nam
1050 3351 1097 3401 res
1114 3333 1184 3402 lon-

55 3455 98 3522 go
120 3433 242 3502 duobus
276 3433 383 3522 palmis
405 3437 474 3523 tomj
496 3446 542 3502 est
564 3433 656 3521 duplo
690 3433 723 3500 in
746 3433 875 3522 pulmo,
900 3454 993 3522 quem
1017 3453 1067 3502 res
1091 3434 1183 3523 longa

56 3533 177 3603 duobus
201 3537 282 3605 ulnis
305 3547 350 3605 est
373 3538 464 3626 duplo
493 3536 525 3605 in
549 3538 634 3607 ulna.
660 3535 699 3602 Αι
723 3545 850 3624 possunt
872 3536 1025 3624 suscipere
1041 3535 1184 3625 mogiset

56 3635 173 3725 minuo,
197 3659 252 3707 seu
277 3648 404 3727 possunt
427 3639 541 3707 intendi
559 3649 614 3706 unt
629 3635 743 3706 remitti
760 3636 875 3705 ratione
891 3636 1184 3722 lundomentimem·

55 3759 95 3827 pc
119 3751 243 3828 propter
263 3740 398 3830 aliquam
434 3740 624 3809 fundamenti
648 3737 864 3810 mutationem.
891 3739 928 3807 Ε.
953 3763 1002 3831 g,
1028 3741 1060 3809 in
1082 3740 1182 3821 calido

54 3853 91 3909 ut
115 3852 275 3931 cruatuor,
299 3852 346 3912 est
368 3840 467 3912 moion
496 3840 664 3913 similitudo
691 3860 763 3911 cum
786 3840 911 3932 calide,
936 3852 972 3911 nt
995 3842 1064 3932 triu,
1088 3864 1181 3935 quom

93 4082 118 4149 ¹)
137 4082 168 4138 ln
186 4082 236 4139 lib.
257 4082 378 4156 {Settt.,
400 4085 469 4144 Distj
490 4083 567 4155 XXl,
585 4101 614 4156 q.
636 4083 659 4154 l,
676 4098 704 4141 a.
722 4081 741 4142 2
758 4083 814 4143 sol.

94 4173 120 4237 ²)
139 4170 200 4227 vid.
222 4188 249 4242 p.
269 4171 377 4238 st.-³t
397 4173 420 4245 l,
438 4191 467 4244 q.
489 4171 610 4241 XXVlll,
629 4186 657 4228 a.
678 4168 696 4224 3
715 4185 742 4228 c.

92 4257 118 4328 ⁴)
140 4254 200 4316 vid.
222 4271 248 4327 p.
272 4257 382 4330 cit-⁵)
405 4258 434 4313 1²
453 4257 512 4334 23⁸,
531 4275 557 4330 q.
578 4253 726 4328 lxxxttt,
746 4269 773 4311 o.
795 4250 814 4310 d
833 4268 861 4313 o.
