2760 4770
184 242 258 313 &2ss
622 273 670 295 ²¹·
683 239 718 309 N
739 277 787 299 r·-

138 358 240 443 ssuius
262 356 353 427 etiam
380 357 469 429 aliam
493 359 643 429 rationem
666 359 758 426 tradit
779 378 806 429 s.
832 358 992 447 Thomas,
1026 380 1146 450 nempe
1172 360 1187 426 'r
1209 363 1267 452 qnia

144 461 246 529 omnis
267 472 370 529 nostra
400 461 536 550 cognitio
571 471 654 528 esta
690 461 780 528 rebus
813 459 1009 530 sensibilibus
1032 474 1065 530 et
1091 467 1267 533 naturalibus

144 573 278 650 accepta
304 565 384 632 unde
412 566 449 632 ad
473 560 702 632 similitudinem
727 558 913 631 naturalium
936 583 1113 654 operamur
1138 567 1168 634 in
1190 569 1267 635 artili-

142 666 299 734 cialibus¹
320 692 347 733 r.
374 667 454 737 lineo
478 666 607 735 imitatio
621 677 723 735 autem
748 665 903 754 praecipue
919 667 1024 735 locum
1049 669 1149 749 habet
1173 669 1203 736 iu
1225 669 1264 751 iis,

140 787 218 853 quac
241 768 304 836 steri
329 782 456 858 possunt
484 782 515 838 ct
538 770 576 837 ab
609 780 696 855 arte,
730 782 802 837 cta
835 779 943 837 natura
967 770 1037 838 sinc
1062 782 1161 853 artc;
1185 794 1213 841 e.
1234 792 1260 860 g.

148 892 163 932 i
189 872 215 939 si
238 872 308 958 quis
329 892 368 938 cx
391 871 499 960 frigida
522 893 610 940 caiisa
633 871 814 958 infirmetur,
835 882 944 938 natura
967 891 1043 939 oum
1070 872 1263 945 calefaciendo

143 982 242 1055 sanat;
267 973 347 1041 unde
369 985 400 1043 ct
421 977 568 1063 medicus,
592 975 616 1041 si
637 994 709 1043 eum
723 994 830 1042 curare
852 973 970 1059 debeat,
994 964 1208 1045 calefaciendo
1227 996 1264 1043 sa·

146 1073 228 1141 nat²
248 1099 277 1142 a.
1254 1130 1257 1137 .

190 1173 242 1245 Vl.
267 1175 406 1249 Nnrunn
429 1199 535 1252 conon
559 1199 706 1252 sunsnar
729 1196 852 1247 aaran.
875 1175 958 1245 Licet
980 1196 1031 1248 ars
1058 1175 1203 1248 imitetur
1222 1200 1264 1247 na·

148 1288 263 1368 turam,
282 1292 384 1349 tamen
407 1282 479 1351 haec
502 1282 586 1350 illam
610 1283 701 1368 longe
723 1291 856 1370 superat,
883 1279 914 1347 l⁰
936 1300 974 1347 cs
1000 1289 1091 1366 parte
1117 1281 1264 1370 principii,

143 1380 219 1467 'quia
240 1382 375 1470 procedit
396 1402 413 1451 a
437 1383 552 1452 ratione
574 1380 812 1468 universaliori,
835 1378 1007 1468 sapientiori
1030 1389 1068 1448 et
1093 1382 1265 1465 efficaciam

147 1481 182 1553 2⁹
205 1503 243 1551 ex
266 1495 351 1574 parte
373 1484 468 1565 modi;
494 1506 566 1553 nam
589 1495 698 1553 natura
728 1482 861 1573 procedit
883 1481 975 1548 modo
1004 1481 1114 1569 magis
1137 1495 1267 1572 certost

147 1582 253 1657 minus
275 1585 369 1655 errori
395 1586 546 1669 obnoxio:
566 1586 599 1655 3·
621 1607 659 1654 ex
682 1596 766 1674 parto
788 1584 881 1664 linis;
916 1603 990 1650 nam
1013 1592 1135 1653 natura
1158 1585 1268 1656 intendit

144 1688 246 1757 maius
268 1687 408 1777 bonurn,
436 1689 550 1761 scilicet
579 1689 697 1757 bonum
721 1686 917 1755 substantiale
938 1694 970 1753 ct
995 1685 1100 1756 totius
1125 1687 1266 1767 unium

145 1812 198 1865 ars
220 1811 293 1864 vcro
316 1793 419 1863 minus
442 1793 559 1862 bonum
582 1792 721 1873 intendit,
739 1791 852 1860 scilicet
870 1792 912 1857 rel
934 1793 1214 1880 commoditatem,
1234 1796 1268 1861 rrl

147 1894 397 1982 delectationem,
421 1896 468 1963 rel
489 1892 770 1979 conservationem,
796 1895 841 1961 rel
864 1891 1081 1961 nocentiorem
1108 1895 1267 1975 bominum

148 2009 185 2065 ut
198 1998 283 2067 enim
297 1998 372 2066 dicit
386 2019 413 2066 s.
429 1996 637 2084 Thomasmos
650 2018 757 2064 sranius
772 1997 841 2084 finis
861 1994 1003 2063 omnium
1023 1998 1238 2085 artificialium
1252 1997 1269 2071 ³3

149 2102 183 2170 t·
198 2123 235 2170 ex
260 2111 343 2190 parte
362 2098 456 2188 ipsius
470 2100 605 2185 effectuS,
622 2119 694 2165 nam
714 2120 728 2162 r
745 2108 860 2185 quanto
875 2095 976 2182 aliqua
991 2095 1100 2166 virtus
1116 2110 1166 2167 est
1188 2098 1268 2183 altior,

149 2214 236 2273 tanto
257 2203 397 2273 eamdem
419 2224 484 2271 rem
508 2213 606 2292 potest
630 2203 793 2289 producere
816 2201 848 2269 iu
869 2201 1011 2269 altiorem
1034 2204 1203 2287 ellectum
1225 2224 1267 2273 on

149 2305 188 2374 dc
209 2316 317 2374 natum
341 2314 440 2394 potest
462 2326 499 2373 ex
522 2319 603 2375 terra
626 2305 722 2374 lacere
748 2326 883 2390 aurum,
919 2303 984 2372 aliis
1011 2305 1185 2377 elementis
1205 2327 1268 2377 coos

151 2406 266 2494 mixtis,
289 2407 373 2496 quod
395 2426 444 2477 ars
468 2407 566 2476 iacere
594 2427 657 2475 non
680 2418 779 2496 potest
794 2408 820 2473 ⁴.

197 2508 260 2577 vlt.
287 2509 425 2580 Nrrunt
449 2530 514 2579 non
537 2530 666 2579 nartem
688 2530 721 2578 m
736 2527 955 2594 neccesarius,
981 2529 1048 2578 nac
1077 2528 1266 2582 nonnotru

154 2622 364 2682 suranorum.
390 2611 481 2697 Sanc,
506 2631 568 2679 non
589 2613 686 2699 deficit
702 2612 736 2679 in
751 2608 979 2697 necessariis,''r
1006 2613 1087 2698 quia
1111 2612 1265 2682 naturaie

153 2712 247 2782 tendit
268 2735 347 2802 esse,
374 2724 406 2784 et
429 2713 645 2804 perlectionem
661 2717 709 2780 ⁵».
735 2714 879 2793 Quocirca
906 2736 921 2778 r
947 2714 1032 2801 quod
1059 2716 1155 2783 alicui
1178 2732 1263 2781 corn·

154 2816 202 2883 nit
223 2835 262 2882 ex
284 2835 338 2884 sua
361 2825 481 2904 natura,
505 2827 535 2884 et
558 2837 621 2884 non
645 2839 682 2885 ex
710 2819 809 2904 aliqua
832 2835 932 2901 causa,
957 2815 1156 2885 minoratum
1179 2817 1208 2884 in
1226 2834 1259 2895 ott

151 2927 181 2985 et
202 2917 347 2988 deficiens
376 2938 527 2988 essenon
561 2930 660 3009 potest
676 2922 688 2959 ⁶
705 2945 733 2990 a.
774 2922 842 2990 Non
874 2919 1071 2988 circadalia
1093 2919 1257 3009 sarperdrir,

150 3040 223 3089 narn
251 3042 266 3084 t
292 3019 437 3110 principia
459 3020 609 3088 naturalia
632 3020 755 3088 suntad
776 3018 992 3088 determinatos
1014 3020 1149 3089 ciiectus
1171 3021 1257 3089 dillioi·

152 3133 193 3208 ta,
216 3123 297 3190 ultra
320 3142 398 3209 quos
421 3142 453 3189 se
476 3124 638 3190 extendere
662 3142 723 3190 non
757 3132 884 3209 possunt
901 3123 913 3159 ⁷
933 3147 964 3190 a.
989 3121 1082 3200 Quod
1107 3124 1133 3191 si
1158 3125 1187 3192 in
1207 3121 1256 3211 qui

152 3223 282 3292 busdam
304 3221 469 3291 individuis
493 3234 603 3291 natura
626 3221 780 3291 interdum
803 3222 935 3309 deliciet,
965 3234 1020 3291 aut
1045 3227 1202 3315 superflua
1219 3221 1253 3303 sit

151 3323 196 3393 uti
218 3323 252 3392 in
274 3321 441 3410 monstris,
471 3324 530 3394 hoc
554 3346 617 3394 non
641 3323 700 3394 nisi
725 3347 779 3414 per
800 3326 935 3394 accidens
958 3324 1083 3394 evenire
1109 3321 1254 3416 potest3si

149 3426 278 3516 quidem
303 3450 318 3493 r
343 3427 477 3498 delectus
500 3428 606 3498 incidit
629 3441 747 3520 practer
774 3429 975 3500 intentionem
999 3433 1155 3519 agentis⁸
1176 3457 1201 3517 r,
1222 3446 1256 3497 m

196 3636 220 3706 ¹)
238 3636 269 3692 lo
287 3635 337 3692 lib.
357 3635 380 3690 ll
399 3636 500 3709 Pipa,
520 3638 587 3692 lect.
606 3634 653 3694 lv.

196 3721 221 3792 ²)
241 3719 341 3778 Contr.
364 3720 460 3792 dent,
480 3721 530 3778 lib.
550 3720 584 3794 ll,
602 3737 631 3777 c.
650 3718 697 3778 tt.

195 3802 220 3873 ³)
237 3803 268 3859 lo
291 3804 339 3860 lib.
360 3803 382 3861 ll
402 3805 502 3877 Papi,
521 3805 578 3863 loc.
599 3808 649 3864 cit.

196 3889 209 3928 ⁴

196 3891 221 4042 'i
240 3888 777 4045 &liphppkgpql’ppquxgkqul
795 3887 902 4046 adfligi
922 3972 958 4028 ad
977 3971 1007 4032 Ι.

195 4057 220 4125 ⁶)
241 4057 337 4116 Contr.
358 4058 456 4131 Gens,
476 4058 525 4115 lib.
546 4060 580 4129 ll,
598 4075 626 4116 c.
650 4059 696 4130 15,
716 4074 745 4115 n.
763 4056 792 4114 2.

196 4144 220 4213 l)
239 4144 269 4201 ln
288 4144 330 4205 lib'
346 4143 392 4216 lv,
413 4146 480 4206 Dist.
501 4146 597 4219 Xblll,
616 4164 645 4219 q.
668 4145 694 4216 l,
712 4161 742 4201 a.
763 4144 789 4217 l,
808 4147 864 4202 sol.
885 4142 949 4203 bc.

197 4232 222 4302 θ)
241 4230 271 4287 lu
291 4231 339 4287 lib.
361 4229 395 4302 ll,
415 4232 484 4291 Dist.
505 4232 632 4308 XXXlV,
650 4248 678 4304 q.
699 4228 722 4304 i,
742 4247 770 4288 a.
790 4229 876 4290 brol.
