2760 4770
178 246 270 325 loo'
612 286 656 301 -
679 247 704 317 l}
727 285 772 300 —

133 369 211 436 tium
234 366 439 456 adinvicem,
470 375 617 455 quaeest
640 365 672 432 in
696 360 878 451 imaginum
904 373 934 432 et
953 362 1020 431 tulis
1036 359 1198 452 proportio
1213 361 1260 428 in-

131 470 254 538 venitur
276 471 308 539 in
330 468 432 538 anima
453 478 592 557 respectu
615 467 682 553 Dei,
711 466 783 555 quia
807 465 886 537 sicul
908 487 943 535 ex
968 465 1055 534 Patre
1076 465 1204 550 Filius,
1228 474 1259 530 et

129 589 167 637 ex
190 581 322 661 utroquo
345 567 476 658 Spiritus
498 566 640 656 Sanetus,
665 565 706 636 ita
729 588 767 636 ex
797 576 898 637 mento
921 565 1040 655 notitia,
1065 576 1093 634 ει
1116 586 1154 635 ex
1172 574 1258 634 utra-

131 693 192 760 que
214 693 302 744 amor
323 668 487 760 procedit¹
512 692 542 737 ι.

159 774 214 841 ,ιι
240 773 482 851 Arouivoauno
506 790 912 865 oneramur-rurum.
937 770 1153 859 Aequimaelio
1173 767 1257 860 pap-

130 876 192 943 sica
214 873 353 945 consistit
376 873 549 949 inanitate
571 874 728 943 cuiusdam
753 885 888 960 notulae,
918 894 996 962 qnae
1017 873 1131 962 dispari
1162 871 1255 940 ratio-

130 996 169 1042 ne
190 974 293 1045 existit
315 977 347 1044 in
371 976 435 1046 suis
458 975 664 1063 inferioribus
688 997 724 1044 eo
747 977 829 1065 quod
852 977 884 1044 in
901 996 965 1043 uuo
994 974 1174 1044 continetur
1190 994 1257 1062 per·

131 1076 249 1145 laetiori
271 1076 377 1164 modo,
401 1096 493 1165 quam
517 1075 551 1145 in
572 1077 694 1158 altero;
720 1089 756 1145 ut
779 1077 891 1145 animal
921 1077 1064 1145 nobiliori
1091 1078 1185 1145 modo
1209 1096 1255 1144 re-

131 1175 249 1268 peritur
271 1177 302 1246 in
325 1180 460 1269 homine,
484 1200 577 1267 quam
599 1178 631 1247 in
654 1200 744 1270 equo.
772 1181 947 1265 Dialecla'oa,
965 1201 1043 1268 quae
1068 1178 1189 1269 proprie
1210 1188 1257 1247 est

129 1280 348 1371 aequivocatio,
373 1283 472 1352 oritur
494 1303 533 1351 ex
556 1302 607 1369 eo,
630 1286 713 1371 quod
743 1285 828 1372 pluro
851 1284 958 1351 eodem
981 1279 1117 1367 nomine,
1144 1280 1195 1349 cui
1212 1279 1257 1348 di-

131 1403 218 1450 versa
237 1382 319 1453 ratio
342 1385 514 1475 respondet,
539 1385 753 1475 significantur
770 1384 795 1453 ².
820 1385 898 1452 Hine
929 1406 990 1464 una
1012 1385 1181 1473 eademque
1205 1405 1258 1452 na·

130 1491 200 1550 tura
222 1482 278 1552 dici
302 1495 401 1575 potest
423 1487 596 1575 aequivoca,
622 1506 676 1555 scu
704 1485 891 1572 homonyma
912 1485 1089 1574 physicam
1112 1487 1256 1570 araiaoaa,

131 1603 185 1655 seu
208 1588 372 1673 syaoaima
394 1586 556 1669 diaiaelica
583 1589 629 1656 uti
654 1597 733 1678 patet
755 1586 786 1654 in
809 1587 1144 1676 omnibus-generibus3
1163 1587 1258 1676 siqui·

130 1685 198 1752 dem
223 1706 333 1774 genus,
358 1696 452 1776 prout
465 1689 658 1757 contrahitur
675 1710 728 1779 per
742 1687 938 1776 differentiae,
965 1687 1146 1766 nobiliorem
1170 1689 1205 1757 in
1221 1710 1257 1756 u·

26 1845 29 1851 Α
129 1809 181 1874 na,
205 1809 299 1877 quam
322 1788 355 1858 iu
376 1788 446 1876 alia,
470 1788 597 1858 exhibet
618 1789 762 1877 speciem
788 1790 852 1875 sed,
874 1791 899 1858 si
918 1789 993 1857 ratio
1008 1789 1149 1880 generice
1166 1791 1257 1858 dum-

129 1898 212 1956 taxat
235 1899 397 1980 spectetur,
422 1891 525 1981 ipsum
549 1891 581 1960 in
597 1892 743 1962 omuibus
758 1892 924 1980 speciebus,
940 1892 972 1960 in
993 1912 1069 1981 quas
1091 1891 1253 1976 dividitur,

132 2009 169 2057 ex
192 2009 290 2081 aequo
312 1993 476 2083 repetitum
501 2013 574 2062 uam
605 1993 712 2081 homo,
737 2013 763 2061 ε.
790 2016 837 2084 g,
860 2013 922 2063 mn
946 2004 993 2065 εει
1016 1994 1113 2084 magis
1128 1991 1256 2080 animal,

131 2113 225 2179 quam
247 2113 344 2183 equus
361 2095 387 2164 ³.

177 2195 227 2261 lll.
259 2195 860 2270 Essunrnurren-Plurratruriva
889 2197 921 2267 ι’
944 2197 1173 2286 Essaatialitar,
1205 2217 1259 2267 seu

127 2302 372 2390 pererrantium,
396 2302 585 2392 praedicatur
607 2324 669 2372 esse
698 2305 736 2372 de
760 2303 831 2391 Deo,
859 2314 924 2371 tum
954 2303 1112 2392 quiaEsse
1133 2301 1191 2371 Dei
1214 2310 1258 2371 est

16 2484 20 2490 Ι
131 2403 194 2493 ipsa
219 2402 292 2475 Eius
315 2403 464 2495 Essentia,
491 2406 571 2474 uode
599 2404 681 2474 Deus
703 2403 818 2472 dieitur
841 2405 942 2492 ipsum
965 2426 1027 2473 esse
1049 2424 1103 2494 per
1126 2403 1257 2474 seson-

130 2505 249 2596 sistens,
272 2516 303 2581 et
325 2504 392 2577 ideo
414 2505 667 2596 nou-dependere
689 2506 729 2574 ah
749 2504 821 2590 alio,
846 2506 898 2575 sed
922 2504 1051 2575 existere
1072 2526 1094 2574 a
1115 2527 1160 2588 εει
1188 2514 1254 2574 tum

128 2609 223 2697 quia,
247 2629 320 2678 cum
342 2608 518 2680 huiusmodi
541 2608 605 2697 sit,
629 2628 692 2677 erac
714 2610 883 2679 secundum
909 2619 1003 2680 lotam
1029 2609 1254 2698 plenitudinem

54 2753 57 2758 -
129 2720 160 2778 ει
183 2709 396 2799 perlectionem
419 2709 644 2799 complectitur.
671 2708 753 2778 ldem
784 2709 905 2779 dicatur
926 2711 963 2779 de
988 2710 1135 2799 bonitale,
1161 2724 1255 2783 etce-

132 2809 204 2880 teris
228 2811 281 2880 [lei
304 2812 550 2902 perfectionibus
574 2813 743 2902 appellatur
766 2810 849 2878 euim
873 2811 1000 2899 bouus,
1024 2812 1095 2900 quia
1119 2824 1168 2883 est
1192 2816 1253 2906 ipso

130 2911 248 2998 bonitas
260 2914 286 2981 ⁴.
311 2914 337 2982 Ε
360 2912 537 3002 contrario,
561 2916 599 2984 de
621 2912 766 2983 omnibus
788 2911 911 2983 ontibus
933 2926 1016 2982 extra
1041 2914 1139 2983 Deum
1164 2939 1252 3001 essa,

130 3023 161 3082 et
183 3014 334 3106 quidquid
356 3016 390 3086 in
412 3016 457 3087 eis
477 3025 535 3105 est,
561 3017 798 3106 participative,
823 3036 877 3086 seu
902 3038 961 3108 per
984 3018 1256 3108 participationem

128 3116 327 3206 praedicatur,
344 3119 427 3208 quia,
440 3141 512 3188 cum
533 3138 595 3189 non
611 3119 672 3189 sint
689 3120 788 3208 ipsum
812 3141 886 3207 cere,
903 3142 966 3190 uon
982 3142 998 3188 a
1013 3141 1056 3208 se,
1075 3123 1127 3191 sed
1144 3124 1186 3192 ab
1197 3126 1256 3192 alio

128 3216 277 3305 existunt,
303 3239 358 3288 seu
379 3241 442 3289 erse
463 3241 481 3290 a
504 3220 568 3290 Deo
591 3219 752 3310 accipiunt,
777 3219 953 3310 etquidem
983 3221 1022 3290 ita
1048 3231 1083 3289 ut
1097 3244 1137 3294 aa
1154 3234 1254 3313 parta,

126 3339 236 3410 nempe
255 3320 430 3410 imperiale
452 3344 513 3393 essa
535 3324 588 3394 Dei
621 3322 781 3394 imitentur
797 3324 822 3391 ⁵.
850 3322 883 3393 ⁶2⁰
907 3323 1118 3395 essentialiter
1145 3326 1180 3397 in
1202 3329 1258 3398 ali-

165 3552 191 3619 ll
208 3551 238 3610 ln
258 3553 308 3611 lib.
328 3555 350 3610 ll
370 3557 464 3628 Sena,
483 3557 552 3615 Disl.
573 3556 645 3627 xvi,
665 3574 694 3628 q.
715 3555 738 3628 l,
757 3571 784 3613 a.
805 3551 819 3607 l
841 3555 877 3611 ad
896 3551 926 3611 ll.

162 3634 187 3708 ²)
207 3636 269 3695 vid.
289 3655 316 3710 p.
338 3638 523 3715 14-32lld.
545 3656 572 3711 p.
594 3638 657 3697 102.
701 3678 713 3692 ,
762 3664 763 3667 ¹
880 3701 883 3708 ,

163 3721 187 3786 ⁴)
207 3723 306 3780 Canta.
329 3724 424 3794 Genu,
445 3716 502 3780 lib.'
515 3725 537 3796 l,
557 3739 583 3780 c.
605 3723 650 3780 32.

161 3807 185 3877 ιι)
205 3808 233 3863 ln
254 3806 304 3866 lib.
326 3806 348 3864 ll
368 3810 463 3880 Sena,
484 3809 552 3866 Dist.
573 3807 659 3878 lel,
685 3825 712 3878 q.
731 3806 755 3878 l,
775 3805 836 3864 ao
855 3808 890 3862 ad
903 3805 931 3863 1.
952 3806 1126 3865 ‹Exislendi
1147 3812 1251 3868 veritos

125 3892 295 3965 intelligitur
314 3895 341 3951 in
362 3896 469 3966 Verbo,
484 3896 567 3952 euius
587 3896 711 3952 essentia
729 3896 770 3952 sic
789 3911 901 3952 summe
919 3905 972 3965 est,
986 3904 1017 3951 ut
1033 3898 1252 3966 quodammodo

124 3977 173 4033 illa
193 3979 255 4034 sola
274 3980 333 4051 sit;
353 3980 442 4038 iuliis
461 3995 543 4049 vero,
562 3995 637 4051 quae
655 3980 684 4036 iu
703 3981 772 4037 Eius
794 3981 1016 4050 comparatione
1031 3982 1248 4052 quodammodo

123 4076 182 4118 non
201 4073 277 4135 suot,
295 4076 324 4123 et
344 4074 439 4123 tamen
458 4081 510 4136 per
528 4065 610 4136 illud,
631 4075 659 4120 ct
683 4067 840 4122 seeundum
861 4065 931 4121 illud
951 4066 1025 4124 lacta
1044 4070 1247 4142 sunt-almuld,

124 4146 221 4219 aliqua
240 4150 361 4210 imitatio
380 4151 457 4212 illius
474 4166 603 4214 summae
625 4152 772 4213 Esseuriae
791 4153 985 4226 perpendatur
999 4169 1027 4228 ις
1046 4169 1070 4214 a.
1092 4153 1177 4231 Aua,
1192 4157 1247 4216 lla·

93 4237 200 4326 ,nom
221 4249 247 4293 e.
268 4233 313 4295 31.
972 4260 975 4265 ·
