2760 4770
181 134 247 206 sto
621 165 664 179 -
687 125 708 195 S
730 165 773 177 -

140 250 244 339 ipsius,
268 260 314 318 est
337 245 472 336 primunr
497 244 527 313 in
552 263 739 333 unoproque
763 243 773 283 ¹
793 265 801 326 ;
827 240 899 311 irinc
927 241 1019 312 sieut
1053 243 1121 332 ipsa
1143 252 1185 311 est
1203 242 1239 309 iu·

136 355 315 422 dementum
339 348 492 435 omnium,
516 366 594 435 quae
616 344 659 414 rei
683 347 887 432 conveniunt,
916 346 965 414 ita
990 347 1084 434 quod
1107 343 1240 434 spectatd

139 456 248 544 ipsam,
273 465 319 522 cst
342 446 524 542 principium
547 449 746 538 reliquorum.
765 448 883 516 Exinde
908 449 964 536 dt,
981 459 1020 516 ut
1044 469 1086 517 ex
1102 445 1241 535 cognition

136 557 304 648 primorum
330 553 569 646 principiorum,
593 572 672 640 quae
693 557 740 621 est
761 546 932 636 naturalis,
963 552 1121 638 procedat
1144 546 1241 636 cognitio

134 657 396 738 conclusionum;
421 666 569 742 atquem
593 653 724 721 naturali
747 654 902 722 roluutate
930 651 1044 720 ultimi
1061 651 1153 738 finis,
1169 669 1241 738 uenpt

133 757 349 846 beatitudinis,
374 755 514 825 oriantur
535 753 609 824 atiao
638 755 807 823 voluntates
821 774 830 835 ;
866 773 946 822 curn
985 753 1149 844 quidquid
1181 755 1241 822 hont

131 866 209 949 vult,
233 862 305 931 reiit
327 871 451 950 propter
474 860 567 928 tinem
592 856 629 944 ².!
727 917 740 934 .,

178 965 212 1034 tt.
240 962 368 1033 Seuera
390 976 566 1031 ruvcrurnn
590 979 680 1030 unuu
703 979 744 1031 ur
766 977 966 1029 caracteres
990 980 1036 1031 nr
1062 972 1242 1031 nrmcuruu

134 1087 253 1138 uutrrs
276 1082 451 1135 onoruurrs
475 1082 517 1131 uo
543 1083 644 1133 uuuu.
671 1061 735 1130 ΙΙοο
758 1059 930 1130 Aristotelis
955 1061 1100 1130 effatum
1121 1061 1241 1130 eriucits.

135 1168 271 1239 Thomas
293 1186 331 1233 ex
354 1185 393 1233 eo
416 1165 499 1253 quod
522 1164 615 1234 atriti
632 1184 692 1256 per
714 1187 745 1233 se
766 1164 930 1233 intendant
945 1166 1005 1233 ‘od
1028 1167 1158 1251 multo,
1180 1180 1246 1234 ntur

131 1292 205 1340 uero
226 1270 269 1339 od
291 1288 403 1338 ortum.
429 1265 507 1336 Hine
530 1268 627 1336 muita
651 1276 806 1356 nequeunt
827 1276 910 1336 recte
934 1267 1088 1337 ordinari
1109 1270 1149 1338 ad
1163 1286 1244 1349 unrrn,

131 1371 192 1441 nisi
217 1391 405 1462 perunum.
432 1369 505 1438 inde
528 1369 604 1437 ratio
628 1369 775 1457 redditur,
799 1389 854 1436 cur
874 1391 888 1433 ο
907 1369 1041 1440 sociatis
1077 1371 1141 1438 rita
1164 1371 1246 1439 mutto

129 1494 200 1543 rum
222 1493 374 1543 essenon
398 1484 522 1562 posset,
548 1470 607 1542 nisi
633 1471 743 1563 atiqts
766 1470 972 1563 praesideret,
999 1474 1060 1571 qui
1087 1477 1128 1544 ad
1153 1475 1244 1542 bonon

131 1597 296 1647 commune
319 1574 487 1644 intenderet
510 1575 521 1613 ³
550 1599 580 1642 r.
1031 1570 1036 1576 “

174 1679 225 1747 ttt.
252 1679 424 1750 Seusrauc
448 1698 481 1747 ru
504 1695 588 1749 tcru
623 1699 684 1748 usr
715 1696 834 1750 sensns
857 1696 892 1747 ur
916 1697 1022 1750 reru.
1064 1679 1171 1748 Huius
1200 1694 1246 1765 pto

129 1780 260 1850 nuntiati
283 1780 361 1850 ratio
383 1791 440 1869 est,
464 1779 577 1868 quia«
610 1801 648 1849 ex
682 1781 741 1850 hoo
769 1779 881 1870 aliquid
918 1781 952 1848 in
990 1792 1068 1851 actu
1108 1781 1245 1861 sentimus,

130 1882 214 1972 quod
239 1902 347 1952 sensus
372 1882 555 1952 informatur
578 1880 610 1951 in
626 1893 695 1951 artu
717 1905 770 1972 per
786 1883 914 1973 speciem
931 1885 1096 1953 sensititts
1112 1887 1128 1926 ⁴
1145 1910 1174 1953 r.
1188 1881 1246 1961 Ouo

127 1983 206 2053 circa
232 2006 247 2048 ι
273 2004 381 2054 seusus
404 1984 434 2053 in
458 1996 526 2054 actu
550 1996 597 2053 est
619 1985 760 2056 sensibile
787 1986 820 2053 in
843 1996 924 2075 actu,
948 2002 1021 2056 uon
1046 1988 1091 2056 ita
1109 1986 1246 2078 quottpe

128 2085 176 2155 ris
198 2084 342 2155 sensitiva
364 2084 402 2165 sit¹
425 2084 488 2174 ipsa
512 2083 683 2155 similitudo
703 2086 877 2176 sensibitis,
907 2109 989 2176 quae
1025 2100 1078 2157 est
1102 2091 1137 2156 in
1160 2107 1244 2167 senet,

129 2189 182 2259 sed
204 2187 276 2278 quia
297 2209 335 2258 cx
360 2196 490 2278 utroque
511 2189 547 2257 srt
572 2208 681 2276 unum,
706 2187 787 2257 sicut
809 2211 847 2259 ex
868 2200 949 2278 actu,
976 2202 1011 2260 et
1036 2192 1203 2280 potentia⁵
1221 2208 1241 2253 u

128 2291 243 2363 Eadem
267 2290 387 2362 ratione
408 2290 625 2380 explicandum
648 2301 704 2381 est,
729 2291 919 2382 Intetttptotte
946 2292 985 2362 io
1009 2302 1087 2367 ectu
1112 2303 1157 2366 est
1177 2289 1243 2363 ino

129 2393 221 2465 lectus
243 2394 277 2463 in
299 2401 370 2463 octar
392 2396 417 2464 ⁶.
448 2483 452 2488 Ι

175 2495 237 2567 ΙΙΙ.
264 2495 389 2567 Sensus
414 2516 474 2567 esc
498 2510 733 2568 stneuttmutt.
757 2495 905 2587 Equidem
926 2496 1086 2588 quidquid
1106 2511 1241 2569 actuser

128 2598 217 2687 titur,
241 2599 340 2688 reipsa
363 2595 518 2686 singulare
540 2608 598 2666 est.
625 2598 664 2668 E.
688 2620 736 2688 g,
773 2621 863 2670 sensu
896 2598 981 2668 risus
1017 2601 1241 2694 apprehenditur

126 2700 188 2788 hic,
214 2701 260 2769 ret
283 2699 334 2767 ilte
356 2699 452 2789 color,
476 2720 540 2770 non
563 2720 635 2770 roro
657 2703 744 2772 color
765 2702 798 2771 in
821 2702 991 2772 communi.
1020 2704 1053 2773 Id
1082 2704 1187 2796 paucis
1202 2722 1241 2772 ex·

127 2802 213 2893 ponit
238 2823 264 2872 s.
291 2800 450 2873 Thomas:
480 2826 495 2868 ο
521 2801 635 2876 Sensus
658 2825 720 2875 uon
743 2817 789 2876 est
811 2805 1040 2897 cognoscitivus
1064 2810 1131 2880 nisi
1153 2809 1240 2897 singu·

126 2904 254 2975 larium.
278 2903 444 2992 Cognoscit
475 2903 559 2975 enim
590 2904 693 2975 omnis
718 2906 861 2977 sensitiva
884 2908 1018 2997 potentia
1054 2931 1113 3000 per
1147 2908 1239 3003 spodos

126 3004 337 3090 individuales,
361 3025 434 3072 cum
457 3003 580 3093 recipiat
601 3005 715 3096 species
739 3029 840 3077 rerum
868 3008 901 3078 in
922 3013 1053 3100 organis
1088 3010 1238 3103 corporati·

128 3108 187 3186 bus
213 3131 228 3174 r
255 3106 282 3171 ⁷.
308 3103 455 3183 Quocirca
478 3126 556 3198 quae
580 3108 768 3200 sentiuntur,
792 3132 856 3182 nou
871 3125 999 3201 possunt
1014 3135 1084 3186 esse
1103 3117 1238 3186 universe

125 3206 178 3279 lia.
205 3204 327 3277 Etenim
350 3206 432 3296 quod
455 3205 597 3297 sentitur,
623 3211 682 3280 hoc
703 3210 819 3300 aliquid
842 3221 904 3302 est,
928 3234 1042 3304 nempe
1070 3240 1174 3288 uuum
1192 3223 1235 3302 ert,
1279 3283 1280 3310 3

121 3308 309 3384 utnumero
331 3307 505 3399 definitum,
528 3321 620 3401 atque
642 3312 691 3382 hie
713 3325 742 3383 et
765 3336 849 3385 nunc
870 3325 924 3405 est,
950 3338 1007 3388 scu
1030 3332 1120 3391 certo
1143 3320 1236 3392 locoet

124 3422 261 3503 tempore
282 3410 546 3503 circumscriptum
568 3423 642 3500 est,
667 3425 699 3485 at
722 3415 891 3487 universate
905 3437 970 3487 nou
983 3432 1031 3490 est
1048 3424 1111 3494 hoc
1124 3420 1234 3515 aliquid,

124 3532 227 3603 natue
246 3514 310 3603 hic,
333 3523 366 3584 et
388 3533 472 3586 nunc
493 3524 550 3605 est,
585 3516 659 3606 quia
692 3539 821 3609 semper.
834 3530 880 3590 est
908 3531 940 3597 et
962 3521 1082 3616 ubique
1106 3527 1133 3596 ⁸.
1170 3527 1236 3615 Ergo
1274 3502 1283 3527 Ἰ

123 3614 295 3689 universale
316 3635 381 3687 nou
403 3617 546 3689 sentitur.
572 3619 727 3712 Attamen,
752 3622 817 3713 ipsa
840 3623 987 3696 sentiendi
1005 3626 1139 3700 tacturas
1153 3642 1182 3702 et
1194 3646 1234 3698 m·

164 3806 188 3879 1)
207 3806 271 3866 Vid.
290 3825 318 3882 p.
339 3807 467 3884 212.—²)
485 3810 507 3881 Ι,
526 3829 555 3884 q.
578 3813 638 3886 LX,
658 3828 685 3871 a.
705 3813 724 3870 2
743 3829 769 3872 ο.

164 3890 188 3963 3)
209 3892 231 3964 Ι,
250 3909 279 3964 q.
299 3893 396 3968 xum,
416 3895 591 3971 ado-⁴)
609 3898 632 3970 t,
653 3917 684 3972 q.
704 3900 780 3974 xtv,
798 3901 911 3965 a.2c.

163 3977 187 4047 5)
206 3975 298 4048 Ιὸἱό.,
317 3995 347 4050 q.
366 3978 424 4051 LV,
442 3995 470 4038 a.
492 3979 505 4036 l
526 3983 562 4038 ad
579 3980 669 4054 2.-·⁶t
685 3983 846 4058 etp-186.
904 4048 907 4055 ,
946 4002 951 4009 ·

160 4062 187 4135 ⁷)
206 4061 308 4123 contr.
330 4063 428 4137 Goon,
447 4065 498 4125 tib.
517 4066 554 4142 tt,
575 4082 602 4125 c.
622 4066 670 4141 66,
690 4085 718 4127 n.
739 4068 768 4126 2.

157 4149 183 4219 ⁸)
201 4147 264 4212 vid.
283 4145 339 4209 titt.
361 4148 397 4211 ll·

491 4462 726 4606 Α

1188 3962 1191 3995 ς
1277 3858 1283 3977 t

1277 4012 1283 4033 1
