<?xml version="1.0" encoding="UTF-8"?>
<!DOCTYPE html PUBLIC "-//W3C//DTD XHTML 1.0 Transitional//EN"
    "http://www.w3.org/TR/xhtml1/DTD/xhtml1-transitional.dtd">
<html xmlns="http://www.w3.org/1999/xhtml" xml:lang="en" lang="en">
 <head>
  <title>
</title>
<meta http-equiv="Content-Type" content="text/html;charset=utf-8" />
  <meta name='ocr-system' content='tesseract 3.04.00' />
  <meta name='ocr-capabilities' content='ocr_page ocr_carea ocr_par ocr_line ocrx_word'/>
</head>
<body>
  <div class='ocr_page' id='page_1' title='image "./lexiconperipate00signgoog/lexiconperipate00signgoog_0016.png"; bbox 0 0 2760 4770; ppageno 0'>
   <div class='ocr_carea' id='block_1_1' title="bbox 115 352 1326 4028">
    <p class='ocr_par' dir='ltr' id='par_1_1' title="bbox 118 352 1254 1370">
     <span class='ocr_line' id='line_1_1' title="bbox 172 352 1247 451; baseline 0.009 -31"><span class='ocrx_word' id='word_1_1' title='bbox 172 352 225 424; x_wconf 90' lang='lat' dir='ltr'>IX.</span> <span class='ocrx_word' id='word_1_2' title='bbox 252 353 425 426; x_wconf 80' lang='lat' dir='ltr'>Ausonum</span> <span class='ocrx_word' id='word_1_3' title='bbox 437 390 481 406; x_wconf 82' lang='lat'>-</span> <span class='ocrx_word' id='word_1_4' title='bbox 493 355 692 428; x_wconf 75' lang='lat' dir='ltr'>Tarannon.</span> <span class='ocrx_word' id='word_1_5' title='bbox 719 357 859 428; x_wconf 72' lang='lat' dir='ltr'>Absolute</span> <span class='ocrx_word' id='word_1_6' title='bbox 873 358 986 448; x_wconf 82' lang='lat' dir='ltr'>aliquid</span> <span class='ocrx_word' id='word_1_7' title='bbox 1002 359 1159 451; x_wconf 78' lang='lat' dir='ltr'>accipitur,</span> <span class='ocrx_word' id='word_1_8' title='bbox 1175 384 1247 430; x_wconf 90' lang='lat' dir='ltr'>cum</span> 
     </span>
     <span class='ocr_line' id='line_1_2' title="bbox 128 465 1247 556; baseline 0.006 -27"><span class='ocrx_word' id='word_1_9' title='bbox 128 472 251 530; x_wconf 91' lang='lat' dir='ltr'>tantum</span> <span class='ocrx_word' id='word_1_10' title='bbox 275 465 443 532; x_wconf 83' lang='lat' dir='ltr'>secundnm</span> <span class='ocrx_word' id='word_1_11' title='bbox 471 466 518 535; x_wconf 90' lang='lat' dir='ltr'>sui</span> <span class='ocrx_word' id='word_1_12' title='bbox 542 475 709 555; x_wconf 88' lang='lat' dir='ltr'>naturam,</span> <span class='ocrx_word' id='word_1_13' title='bbox 735 467 953 555; x_wconf 74' lang='lat' dir='ltr'>praetermissis</span> <span class='ocrx_word' id='word_1_14' title='bbox 983 470 1049 538; x_wconf 89' lang='lat' dir='ltr'>eius</span> <span class='ocrx_word' id='word_1_15' title='bbox 1071 467 1247 556; x_wconf 87' lang='lat' dir='ltr'>adiunctis,</span> 
     </span>
     <span class='ocr_line' id='line_1_3' title="bbox 125 563 1254 660; baseline 0.007 -28"><span class='ocrx_word' id='word_1_16' title='bbox 125 563 346 633; x_wconf 85' lang='lat' dir='ltr'>consideratur:</span> <span class='ocrx_word' id='word_1_17' title='bbox 370 567 511 634; x_wconf 86' lang='lat' dir='ltr'>Totalttcr</span> <span class='ocrx_word' id='word_1_18' title='bbox 527 588 597 635; x_wconf 83' lang='lat' dir='ltr'>vcro</span> <span class='ocrx_word' id='word_1_19' title='bbox 620 567 699 636; x_wconf 74' lang='lat' dir='ltr'>illem</span> <span class='ocrx_word' id='word_1_20' title='bbox 718 567 870 656; x_wconf 81' lang='lat' dir='ltr'>significat</span> <span class='ocrx_word' id='word_1_21' title='bbox 892 590 927 636; x_wconf 87' lang='lat' dir='ltr'>ac</span> <span class='ocrx_word' id='word_1_22' title='bbox 949 570 1176 660; x_wconf 84' lang='lat' dir='ltr'>attinersaliter,</span> <span class='ocrx_word' id='word_1_23' title='bbox 1191 575 1254 642; x_wconf 89' lang='lat' dir='ltr'>siro</span> 
     </span>
     <span class='ocr_line' id='line_1_4' title="bbox 125 667 1252 758; baseline 0.009 -25"><span class='ocrx_word' id='word_1_24' title='bbox 125 668 263 737; x_wconf 79' lang='lat' dir='ltr'>crastino.</span> <span class='ocrx_word' id='word_1_25' title='bbox 289 667 327 734; x_wconf 84' lang='grc' dir='ltr'>Ε.</span> <span class='ocrx_word' id='word_1_26' title='bbox 355 690 402 757; x_wconf 81' lang='lat' dir='ltr'>g.,</span> <span class='ocrx_word' id='word_1_27' title='bbox 420 669 546 738; x_wconf 79' lang='lat' dir='ltr'>virtutes</span> <span class='ocrx_word' id='word_1_28' title='bbox 569 671 716 758; x_wconf 86' lang='lat' dir='ltr'>totaliter,</span> <span class='ocrx_word' id='word_1_29' title='bbox 735 691 789 738; x_wconf 86' lang='lat' dir='ltr'>seu</span> <span class='ocrx_word' id='word_1_30' title='bbox 811 671 957 741; x_wconf 90' lang='lat' dir='ltr'>omnibus</span> <span class='ocrx_word' id='word_1_31' title='bbox 980 672 1077 742; x_wconf 86' lang='lat' dir='ltr'>modis</span> <span class='ocrx_word' id='word_1_32' title='bbox 1101 686 1174 742; x_wconf 91' lang='lat' dir='ltr'>suut</span> <span class='ocrx_word' id='word_1_33' title='bbox 1197 676 1252 753; x_wconf 90' lang='lat' dir='ltr'>bo-</span> 
     </span>
     <span class='ocr_line' id='line_1_5' title="bbox 124 769 1248 869; baseline 0.008 -32"><span class='ocrx_word' id='word_1_34' title='bbox 124 775 195 852; x_wconf 71' lang='lat' dir='ltr'>nae,</span> <span class='ocrx_word' id='word_1_35' title='bbox 221 769 339 839; x_wconf 85' lang='lat' dir='ltr'>divitiae</span> <span class='ocrx_word' id='word_1_36' title='bbox 354 781 457 839; x_wconf 87' lang='lat' dir='ltr'>autern</span> <span class='ocrx_word' id='word_1_37' title='bbox 480 783 511 840; x_wconf 89' lang='lat' dir='ltr'>et</span> <span class='ocrx_word' id='word_1_38' title='bbox 533 774 664 869; x_wconf 86' lang='lat' dir='ltr'>honores</span> <span class='ocrx_word' id='word_1_39' title='bbox 690 785 807 840; x_wconf 88' lang='lat' dir='ltr'>tantum</span> <span class='ocrx_word' id='word_1_40' title='bbox 832 775 857 841; x_wconf 92' lang='lat' dir='ltr'>si</span> <span class='ocrx_word' id='word_1_41' title='bbox 880 775 1011 843; x_wconf 84' lang='lat' dir='ltr'>absolute</span> <span class='ocrx_word' id='word_1_42' title='bbox 1034 775 1207 866; x_wconf 85' lang='lat' dir='ltr'>spectentur</span> <span class='ocrx_word' id='word_1_43' title='bbox 1225 777 1248 846; x_wconf 90' lang='lat'>¹.</span> 
     </span>
     <span class='ocr_line' id='line_1_6' title="bbox 125 873 1250 970; baseline 0.007 -32"><span class='ocrx_word' id='word_1_44' title='bbox 125 873 239 961; x_wconf 78' lang='lat' dir='ltr'>Atque,</span> <span class='ocrx_word' id='word_1_45' title='bbox 266 884 299 941; x_wconf 89' lang='lat' dir='ltr'>ut</span> <span class='ocrx_word' id='word_1_46' title='bbox 314 896 331 941; x_wconf 91' lang='lat' dir='ltr'>a</span> <span class='ocrx_word' id='word_1_47' title='bbox 346 875 436 942; x_wconf 89' lang='lat' dir='ltr'>rebus</span> <span class='ocrx_word' id='word_1_48' title='bbox 453 875 629 964; x_wconf 71' lang='lat' dir='ltr'>theologicis</span> <span class='ocrx_word' id='word_1_49' title='bbox 650 879 823 966; x_wconf 82' lang='lat' dir='ltr'>exemplam</span> <span class='ocrx_word' id='word_1_50' title='bbox 839 899 1010 967; x_wconf 83' lang='lat' dir='ltr'>snnramns,</span> <span class='ocrx_word' id='word_1_51' title='bbox 1028 880 1147 970; x_wconf 83' lang='lat' dir='ltr'>Corpus</span> <span class='ocrx_word' id='word_1_52' title='bbox 1162 881 1250 948; x_wconf 78' lang='lat' dir='ltr'>Chri·</span> 
     </span>
     <span class='ocr_line' id='line_1_7' title="bbox 125 972 1252 1070; baseline 0.007 -28"><span class='ocrx_word' id='word_1_53' title='bbox 125 972 166 1042; x_wconf 88' lang='lat' dir='ltr'>sti</span> <span class='ocrx_word' id='word_1_54' title='bbox 192 975 318 1046; x_wconf 82' lang='lat' dir='ltr'>viveritis</span> <span class='ocrx_word' id='word_1_55' title='bbox 341 987 371 1047; x_wconf 88' lang='lat' dir='ltr'>et</span> <span class='ocrx_word' id='word_1_56' title='bbox 395 979 520 1066; x_wconf 87' lang='lat' dir='ltr'>mortni,</span> <span class='ocrx_word' id='word_1_57' title='bbox 544 980 678 1050; x_wconf 86' lang='lat' dir='ltr'>absolate</span> <span class='ocrx_word' id='word_1_58' title='bbox 699 979 758 1049; x_wconf 89' lang='lat' dir='ltr'>luit</span> <span class='ocrx_word' id='word_1_59' title='bbox 787 980 868 1048; x_wconf 87' lang='lat' dir='ltr'>idem</span> <span class='ocrx_word' id='word_1_60' title='bbox 891 1003 1021 1052; x_wconf 90' lang='lat' dir='ltr'>numero</span> <span class='ocrx_word' id='word_1_61' title='bbox 1040 1007 1070 1070; x_wconf 81' lang='lat' dir='ltr'>a,</span> <span class='ocrx_word' id='word_1_62' title='bbox 1094 980 1165 1070; x_wconf 87' lang='lat' dir='ltr'>quia</span> <span class='ocrx_word' id='word_1_63' title='bbox 1189 1003 1252 1050; x_wconf 93' lang='lat' dir='ltr'>non</span> 
     </span>
     <span class='ocr_line' id='line_1_8' title="bbox 118 1033 1249 1177; baseline 0.008 -34"><span class='ocrx_word' id='word_1_64' title='bbox 118 1075 234 1171; x_wconf 84' lang='lat' dir='ltr'>¹hahuit</span> <span class='ocrx_word' id='word_1_65' title='bbox 256 1076 345 1145; x_wconf 91' lang='lat' dir='ltr'>aliam</span> <span class='ocrx_word' id='word_1_66' title='bbox 368 1033 553 1171; x_wconf 66' lang='lat' dir='ltr'>hypostasim</span> <span class='ocrx_word' id='word_1_67' title='bbox 583 1083 683 1151; x_wconf 71' lang='lat' dir='ltr'>airum</span> <span class='ocrx_word' id='word_1_68' title='bbox 711 1093 741 1150; x_wconf 87' lang='lat' dir='ltr'>ct</span> <span class='ocrx_word' id='word_1_69' title='bbox 764 1093 941 1171; x_wconf 88' lang='lat' dir='ltr'>mortuum,</span> <span class='ocrx_word' id='word_1_70' title='bbox 968 1097 1085 1172; x_wconf 84' lang='lat' dir='ltr'>practer</span> <span class='ocrx_word' id='word_1_71' title='bbox 1108 1086 1249 1177; x_wconf 75' lang='lat' dir='ltr'>hyposta-</span> 
     </span>
     <span class='ocr_line' id='line_1_9' title="bbox 123 1175 1248 1275; baseline 0.01 -32"><span class='ocrx_word' id='word_1_72' title='bbox 123 1175 184 1244; x_wconf 87' lang='lat' dir='ltr'>sim</span> <span class='ocrx_word' id='word_1_73' title='bbox 210 1177 297 1247; x_wconf 82' lang='lat' dir='ltr'>Verbi</span> <span class='ocrx_word' id='word_1_74' title='bbox 322 1181 375 1249; x_wconf 81' lang='lat' dir='ltr'>nei</span> <span class='ocrx_word' id='word_1_75' title='bbox 395 1207 424 1264; x_wconf 79' lang='lat' dir='ltr'>u;</span> <span class='ocrx_word' id='word_1_76' title='bbox 442 1194 472 1250; x_wconf 89' lang='lat' dir='ltr'>at</span> <span class='ocrx_word' id='word_1_77' title='bbox 488 1184 619 1251; x_wconf 85' lang='lat' dir='ltr'>totaliter</span> <span class='ocrx_word' id='word_1_78' title='bbox 642 1204 704 1252; x_wconf 91' lang='lat' dir='ltr'>non</span> <span class='ocrx_word' id='word_1_79' title='bbox 728 1183 785 1252; x_wconf 86' lang='lat' dir='ltr'>fuit</span> <span class='ocrx_word' id='word_1_80' title='bbox 800 1183 881 1253; x_wconf 89' lang='lat' dir='ltr'>idem</span> <span class='ocrx_word' id='word_1_81' title='bbox 899 1206 1079 1275; x_wconf 89' lang='lat' dir='ltr'>numero,</span> <span class='ocrx_word' id='word_1_82' title='bbox 1057 1207 1130 1253; x_wconf 91' lang='lat' dir='ltr'>nam</span> <span class='ocrx_word' id='word_1_83' title='bbox 1149 1210 1163 1251; x_wconf 88' lang='grc' dir='ltr'>ι</span> <span class='ocrx_word' id='word_1_84' title='bbox 1182 1207 1248 1254; x_wconf 92' lang='lat' dir='ltr'>cor-</span> 
     </span>
     <span class='ocr_line' id='line_1_10' title="bbox 123 1238 1245 1374; baseline 0.009 -30"><span class='ocrx_word' id='word_1_85' title='bbox 123 1288 193 1369; x_wconf 81' lang='lat' dir='ltr'>&#39;pus</span> <span class='ocrx_word' id='word_1_86' title='bbox 219 1285 300 1370; x_wconf 85' lang='lat' dir='ltr'>qnod</span> <span class='ocrx_word' id='word_1_87' title='bbox 324 1238 436 1374; x_wconf 79' lang='lat' dir='ltr'>lesinit</span> <span class='ocrx_word' id='word_1_88' title='bbox 458 1307 523 1354; x_wconf 89' lang='lat' dir='ltr'>esse</span> <span class='ocrx_word' id='word_1_89' title='bbox 547 1287 667 1372; x_wconf 81' lang='lat' dir='ltr'>rivum,</span> <span class='ocrx_word' id='word_1_90' title='bbox 699 1288 763 1355; x_wconf 87' lang='lat' dir='ltr'>non</span> <span class='ocrx_word' id='word_1_91' title='bbox 788 1285 919 1354; x_wconf 87' lang='lat' dir='ltr'>totaliter</span> <span class='ocrx_word' id='word_1_92' title='bbox 942 1272 1023 1355; x_wconf 84' lang='lat' dir='ltr'>idem</span> <span class='ocrx_word' id='word_1_93' title='bbox 1046 1287 1210 1356; x_wconf 87' lang='lat' dir='ltr'>remanet²</span> <span class='ocrx_word' id='word_1_94' title='bbox 1217 1320 1245 1357; x_wconf 76' lang='lat' dir='ltr'>a.</span> 
     </span>
    </p>

    <p class='ocr_par' dir='ltr' id='par_1_2' title="bbox 115 1362 1326 4028">
     <span class='ocr_line' id='line_1_11' title="bbox 171 1362 1251 1460; baseline 0.01 -13.01"><span class='ocrx_word' id='word_1_95' title='bbox 171 1382 210 1451; x_wconf 97' lang='lat' dir='ltr'>X</span> <span class='ocrx_word' id='word_1_96' title='bbox 234 1362 440 1458; x_wconf 66' lang='lat' dir='ltr'>arsennaria</span> <span class='ocrx_word' id='word_1_97' title='bbox 465 1390 874 1459; x_wconf 74' lang='lat' dir='ltr'>sonrrnnrs-hnsrnscrro</span> <span class='ocrx_word' id='word_1_98' title='bbox 896 1411 1045 1460; x_wconf 79' lang='lat' dir='ltr'>soranis.</span> <span class='ocrx_word' id='word_1_99' title='bbox 1072 1389 1251 1459; x_wconf 72' lang='lat' dir='ltr'>Abstrabcre</span> 
     </span>
     <span class='ocr_line' id='line_1_12' title="bbox 125 1484 1251 1580; baseline 0.008 -30"><span class='ocrx_word' id='word_1_100' title='bbox 125 1484 280 1575; x_wconf 77' lang='lat' dir='ltr'>siguificat</span> <span class='ocrx_word' id='word_1_101' title='bbox 303 1490 432 1555; x_wconf 83' lang='lat' dir='ltr'>alterum</span> <span class='ocrx_word' id='word_1_102' title='bbox 457 1488 495 1556; x_wconf 89' lang='lat' dir='ltr'>ab</span> <span class='ocrx_word' id='word_1_103' title='bbox 517 1492 612 1559; x_wconf 90' lang='lat' dir='ltr'>altero</span> <span class='ocrx_word' id='word_1_104' title='bbox 642 1511 792 1578; x_wconf 64' lang='lat' dir='ltr'>separaum</span> <span class='ocrx_word' id='word_1_105' title='bbox 819 1491 900 1557; x_wconf 89' lang='lat' dir='ltr'>unde</span> <span class='ocrx_word' id='word_1_106' title='bbox 923 1512 993 1579; x_wconf 78' lang='lat' dir='ltr'>rm,</span> <span class='ocrx_word' id='word_1_107' title='bbox 1018 1512 1096 1580; x_wconf 82' lang='lat' dir='ltr'>quae</span> <span class='ocrx_word' id='word_1_108' title='bbox 1119 1492 1251 1560; x_wconf 89' lang='lat' dir='ltr'>sumitur</span> 
     </span>
     <span class='ocr_line' id='line_1_13' title="bbox 124 1589 1251 1678; baseline 0.009 -27"><span class='ocrx_word' id='word_1_109' title='bbox 124 1590 295 1674; x_wconf 76' lang='lat' dir='ltr'>separatim</span> <span class='ocrx_word' id='word_1_110' title='bbox 318 1591 357 1656; x_wconf 93' lang='lat' dir='ltr'>ab</span> <span class='ocrx_word' id='word_1_111' title='bbox 379 1589 619 1678; x_wconf 83' lang='lat' dir='ltr'>iis,qaibuscnm</span> <span class='ocrx_word' id='word_1_112' title='bbox 639 1590 849 1678; x_wconf 82' lang='lat' dir='ltr'>coniungitur,</span> <span class='ocrx_word' id='word_1_113' title='bbox 866 1591 975 1658; x_wconf 72' lang='lat' dir='ltr'>elicitur</span> <span class='ocrx_word' id='word_1_114' title='bbox 997 1592 1143 1661; x_wconf 75' lang='lat' dir='ltr'>abstracte</span> <span class='ocrx_word' id='word_1_115' title='bbox 1165 1616 1251 1662; x_wconf 86' lang='lat' dir='ltr'>sum·</span> 
     </span>
     <span class='ocr_line' id='line_1_14' title="bbox 123 1689 1326 1781; baseline 0.006 -25"><span class='ocrx_word' id='word_1_116' title='bbox 123 1701 167 1756; x_wconf 87' lang='lat' dir='ltr'>ta.</span> <span class='ocrx_word' id='word_1_117' title='bbox 195 1689 289 1758; x_wconf 77' lang='lat' dir='ltr'>Porro</span> <span class='ocrx_word' id='word_1_118' title='bbox 312 1693 483 1779; x_wconf 70' lang='lat' dir='ltr'>abstractio,</span> <span class='ocrx_word' id='word_1_119' title='bbox 500 1715 578 1780; x_wconf 79' lang='lat' dir='ltr'>quae</span> <span class='ocrx_word' id='word_1_120' title='bbox 607 1694 639 1761; x_wconf 87' lang='lat' dir='ltr'>in</span> <span class='ocrx_word' id='word_1_121' title='bbox 663 1693 795 1762; x_wconf 84' lang='lat' dir='ltr'>scientiis</span> <span class='ocrx_word' id='word_1_122' title='bbox 816 1694 960 1781; x_wconf 88' lang='lat' dir='ltr'>occurrit,</span> <span class='ocrx_word' id='word_1_123' title='bbox 979 1715 1043 1762; x_wconf 93' lang='lat' dir='ltr'>non</span> <span class='ocrx_word' id='word_1_124' title='bbox 1065 1705 1112 1762; x_wconf 87' lang='lat' dir='ltr'>est</span> <span class='ocrx_word' id='word_1_125' title='bbox 1134 1695 1249 1762; x_wconf 88' lang='lat' dir='ltr'>abstra-</span> <span class='ocrx_word' id='word_1_126' title='bbox 1323 1715 1326 1721; x_wconf 88' lang='lat'>·</span> 
     </span>
     <span class='ocr_line' id='line_1_15' title="bbox 124 1791 1250 1886; baseline 0.005 -28"><span class='ocrx_word' id='word_1_127' title='bbox 124 1791 188 1860; x_wconf 90' lang='lat' dir='ltr'>ctio</span> <span class='ocrx_word' id='word_1_128' title='bbox 211 1793 310 1879; x_wconf 83' lang='lat' dir='ltr'>realis,</span> <span class='ocrx_word' id='word_1_129' title='bbox 336 1816 389 1862; x_wconf 90' lang='lat' dir='ltr'>scu</span> <span class='ocrx_word' id='word_1_130' title='bbox 413 1794 597 1880; x_wconf 78' lang='lat' dir='ltr'>tentoriolis,</span> <span class='ocrx_word' id='word_1_131' title='bbox 628 1815 705 1883; x_wconf 69' lang='lat' dir='ltr'>quiere</span> <span class='ocrx_word' id='word_1_132' title='bbox 729 1793 826 1884; x_wconf 89' lang='lat' dir='ltr'>posita</span> <span class='ocrx_word' id='word_1_133' title='bbox 847 1806 894 1863; x_wconf 89' lang='lat' dir='ltr'>est</span> <span class='ocrx_word' id='word_1_134' title='bbox 917 1793 949 1862; x_wconf 93' lang='lat' dir='ltr'>in</span> <span class='ocrx_word' id='word_1_135' title='bbox 972 1817 1040 1863; x_wconf 87' lang='lat' dir='ltr'>vera</span> <span class='ocrx_word' id='word_1_136' title='bbox 1062 1796 1250 1886; x_wconf 79' lang='lat' dir='ltr'>separatione</span> 
     </span>
     <span class='ocr_line' id='line_1_16' title="bbox 123 1896 1250 1989; baseline 0.005 -29"><span class='ocrx_word' id='word_1_137' title='bbox 123 1915 245 1981; x_wconf 82' lang='lat' dir='ltr'>eorurn,</span> <span class='ocrx_word' id='word_1_138' title='bbox 271 1917 348 1983; x_wconf 73' lang='lat' dir='ltr'>(puae</span> <span class='ocrx_word' id='word_1_139' title='bbox 371 1896 549 1965; x_wconf 87' lang='lat' dir='ltr'>naturaliter</span> <span class='ocrx_word' id='word_1_140' title='bbox 564 1898 724 1965; x_wconf 90' lang='lat' dir='ltr'>coniuncta</span> <span class='ocrx_word' id='word_1_141' title='bbox 749 1909 833 1984; x_wconf 90' lang='lat' dir='ltr'>sunt,</span> <span class='ocrx_word' id='word_1_142' title='bbox 852 1908 925 1987; x_wconf 90' lang='lat' dir='ltr'>puta</span> <span class='ocrx_word' id='word_1_143' title='bbox 941 1920 1013 1967; x_wconf 87' lang='lat' dir='ltr'>curn</span> <span class='ocrx_word' id='word_1_144' title='bbox 1037 1899 1077 1966; x_wconf 89' lang='lat' dir='ltr'>ab</span> <span class='ocrx_word' id='word_1_145' title='bbox 1100 1921 1153 1967; x_wconf 85' lang='lat' dir='ltr'>are</span> <span class='ocrx_word' id='word_1_146' title='bbox 1178 1920 1250 1989; x_wconf 87' lang='lat' dir='ltr'>pon-</span> 
     </span>
     <span class='ocr_line' id='line_1_17' title="bbox 123 1999 1249 2090; baseline 0.004 -28"><span class='ocrx_word' id='word_1_147' title='bbox 123 2018 182 2063; x_wconf 90' lang='lat' dir='ltr'>nae</span> <span class='ocrx_word' id='word_1_148' title='bbox 205 1999 377 2066; x_wconf 79' lang='lat' dir='ltr'>avelluntur</span> <span class='ocrx_word' id='word_1_149' title='bbox 390 2022 400 2080; x_wconf 87' lang='lat'>;</span> <span class='ocrx_word' id='word_1_150' title='bbox 436 2000 488 2066; x_wconf 85' lang='lat' dir='ltr'>scd</span> <span class='ocrx_word' id='word_1_151' title='bbox 510 1999 672 2067; x_wconf 76' lang='lat' dir='ltr'>abstractio</span> <span class='ocrx_word' id='word_1_152' title='bbox 702 1999 933 2087; x_wconf 84' lang='lat' dir='ltr'>interetioualis,</span> <span class='ocrx_word' id='word_1_153' title='bbox 969 1999 1031 2069; x_wconf 87' lang='lat' dir='ltr'>sire</span> <span class='ocrx_word' id='word_1_154' title='bbox 1053 2000 1159 2090; x_wconf 77' lang='lat' dir='ltr'>topica.</span> <span class='ocrx_word' id='word_1_155' title='bbox 1186 2000 1249 2069; x_wconf 86' lang='lat' dir='ltr'>lam</span> 
     </span>
     <span class='ocr_line' id='line_1_18' title="bbox 121 2096 1247 2190; baseline 0.005 -27"><span class='ocrx_word' id='word_1_156' title='bbox 121 2096 1247 2190; x_wconf 49' lang='lat' dir='ltr'>mmfflmMMMMmqmmMMstdemfflMM,</span> 
     </span>
     <span class='ocr_line' id='line_1_19' title="bbox 122 2199 1249 2292; baseline 0.005 -24"><span class='ocrx_word' id='word_1_157' title='bbox 122 2199 236 2271; x_wconf 88' lang='lat' dir='ltr'>relictis</span> <span class='ocrx_word' id='word_1_158' title='bbox 259 2203 336 2288; x_wconf 81' lang='lat' dir='ltr'>aliia,</span> <span class='ocrx_word' id='word_1_159' title='bbox 360 2225 532 2292; x_wconf 83' lang='lat' dir='ltr'>quaecum</span> <span class='ocrx_word' id='word_1_160' title='bbox 555 2205 612 2272; x_wconf 87' lang='lat' dir='ltr'>hac</span> <span class='ocrx_word' id='word_1_161' title='bbox 634 2203 736 2271; x_wconf 86' lang='lat' dir='ltr'>iuncta</span> <span class='ocrx_word' id='word_1_162' title='bbox 765 2202 969 2292; x_wconf 85' lang='lat' dir='ltr'>reperiuntur:</span> <span class='ocrx_word' id='word_1_163' title='bbox 1002 2203 1047 2271; x_wconf 89' lang='lat' dir='ltr'>uti</span> <span class='ocrx_word' id='word_1_164' title='bbox 1070 2203 1096 2274; x_wconf 89' lang='lat' dir='ltr'>si</span> <span class='ocrx_word' id='word_1_165' title='bbox 1120 2203 1249 2274; x_wconf 87' lang='lat' dir='ltr'>alicuius</span> 
     </span>
     <span class='ocr_line' id='line_1_20' title="bbox 123 2295 1247 2375; baseline 0.004 -5"><span class='ocrx_word' id='word_1_166' title='bbox 123 2295 252 2371; x_wconf 82' lang='lat' dir='ltr'>aedificii</span> <span class='ocrx_word' id='word_1_167' title='bbox 274 2306 336 2374; x_wconf 87' lang='lat' dir='ltr'>sola</span> <span class='ocrx_word' id='word_1_168' title='bbox 361 2304 488 2374; x_wconf 80' lang='lat' dir='ltr'>latibulo</span> <span class='ocrx_word' id='word_1_169' title='bbox 511 2304 731 2375; x_wconf 86' lang='lat' dir='ltr'>consideratur.</span> <span class='ocrx_word' id='word_1_170' title='bbox 768 2305 848 2374; x_wconf 87' lang='lat' dir='ltr'>llaec</span> <span class='ocrx_word' id='word_1_171' title='bbox 876 2319 979 2374; x_wconf 85' lang='lat' dir='ltr'>autem</span> <span class='ocrx_word' id='word_1_172' title='bbox 1008 2304 1169 2375; x_wconf 80' lang='lat' dir='ltr'>abstractio</span> <span class='ocrx_word' id='word_1_173' title='bbox 1192 2308 1247 2374; x_wconf 86' lang='lat' dir='ltr'>du-</span> 
     </span>
     <span class='ocr_line' id='line_1_21' title="bbox 123 2405 1248 2504; baseline 0.004 -33"><span class='ocrx_word' id='word_1_174' title='bbox 123 2407 193 2492; x_wconf 77' lang='lat' dir='ltr'>plex</span> <span class='ocrx_word' id='word_1_175' title='bbox 217 2415 273 2492; x_wconf 84' lang='lat' dir='ltr'>ost,</span> <span class='ocrx_word' id='word_1_176' title='bbox 299 2405 410 2474; x_wconf 89' lang='lat' dir='ltr'>scilicet</span> <span class='ocrx_word' id='word_1_177' title='bbox 433 2407 542 2494; x_wconf 77' lang='lat' dir='ltr'>tobalia,</span> <span class='ocrx_word' id='word_1_178' title='bbox 566 2427 619 2474; x_wconf 89' lang='lat' dir='ltr'>scu</span> <span class='ocrx_word' id='word_1_179' title='bbox 641 2406 832 2493; x_wconf 82' lang='lat' dir='ltr'>attinersalis,</span> <span class='ocrx_word' id='word_1_180' title='bbox 849 2419 879 2475; x_wconf 91' lang='lat' dir='ltr'>et</span> <span class='ocrx_word' id='word_1_181' title='bbox 898 2407 1050 2494; x_wconf 76' lang='lat' dir='ltr'>factitatis.</span> <span class='ocrx_word' id='word_1_182' title='bbox 1077 2407 1248 2504; x_wconf 82' lang='lat' dir='ltr'>Abstractio</span> 
     </span>
     <span class='ocr_line' id='line_1_22' title="bbox 123 2506 1246 2594; baseline -0.001 -20"><span class='ocrx_word' id='word_1_183' title='bbox 123 2510 224 2576; x_wconf 86' lang='lat' dir='ltr'>totalis·</span> <span class='ocrx_word' id='word_1_184' title='bbox 249 2510 294 2593; x_wconf 85' lang='lat' dir='ltr'>fit,</span> <span class='ocrx_word' id='word_1_185' title='bbox 318 2531 390 2576; x_wconf 85' lang='lat' dir='ltr'>cunr</span> <span class='ocrx_word' id='word_1_186' title='bbox 425 2518 533 2575; x_wconf 90' lang='lat' dir='ltr'>natura</span> <span class='ocrx_word' id='word_1_187' title='bbox 561 2507 711 2594; x_wconf 81' lang='lat' dir='ltr'>superior,</span> <span class='ocrx_word' id='word_1_188' title='bbox 748 2508 810 2575; x_wconf 83' lang='lat' dir='ltr'>sire</span> <span class='ocrx_word' id='word_1_189' title='bbox 834 2506 1033 2576; x_wconf 77' lang='lat' dir='ltr'>universalior</span> <span class='ocrx_word' id='word_1_190' title='bbox 1055 2506 1120 2574; x_wconf 90' lang='lat' dir='ltr'>sine</span> <span class='ocrx_word' id='word_1_191' title='bbox 1143 2507 1246 2594; x_wconf 91' lang='lat' dir='ltr'>notis,</span> 
     </span>
     <span class='ocr_line' id='line_1_23' title="bbox 121 2601 1246 2701; baseline 0.003 -27"><span class='ocrx_word' id='word_1_192' title='bbox 121 2601 239 2697; x_wconf 70' lang='lat' dir='ltr'>&#39;rpribns</span> <span class='ocrx_word' id='word_1_193' title='bbox 260 2612 298 2678; x_wconf 84' lang='lat' dir='ltr'>ad</span> <span class='ocrx_word' id='word_1_194' title='bbox 322 2609 465 2701; x_wconf 88' lang='lat' dir='ltr'>speciem,</span> <span class='ocrx_word' id='word_1_195' title='bbox 490 2611 538 2677; x_wconf 86' lang='lat' dir='ltr'>vel</span> <span class='ocrx_word' id='word_1_196' title='bbox 560 2609 755 2677; x_wconf 83' lang='lat' dir='ltr'>individuum</span> <span class='ocrx_word' id='word_1_197' title='bbox 776 2608 984 2677; x_wconf 83' lang='lat' dir='ltr'>determinata</span> <span class='ocrx_word' id='word_1_198' title='bbox 998 2619 1056 2696; x_wconf 89' lang='lat' dir='ltr'>est,</span> <span class='ocrx_word' id='word_1_199' title='bbox 1082 2620 1246 2697; x_wconf 70' lang='lat' dir='ltr'>spectator,</span> 
     </span>
     <span class='ocr_line' id='line_1_24' title="bbox 125 2710 1246 2802; baseline 0.003 -24"><span class='ocrx_word' id='word_1_200' title='bbox 125 2710 172 2778; x_wconf 91' lang='lat' dir='ltr'>nti</span> <span class='ocrx_word' id='word_1_201' title='bbox 195 2733 267 2780; x_wconf 83' lang='lat' dir='ltr'>cuni</span> <span class='ocrx_word' id='word_1_202' title='bbox 290 2713 327 2782; x_wconf 88' lang='lat' dir='ltr'>de</span> <span class='ocrx_word' id='word_1_203' title='bbox 350 2713 452 2802; x_wconf 85' lang='lat' dir='ltr'>aliquo</span> <span class='ocrx_word' id='word_1_204' title='bbox 475 2711 599 2781; x_wconf 91' lang='lat' dir='ltr'>homine</span> <span class='ocrx_word' id='word_1_205' title='bbox 621 2711 723 2798; x_wconf 77' lang='lat' dir='ltr'>cogito</span> <span class='ocrx_word' id='word_1_206' title='bbox 747 2712 848 2802; x_wconf 80' lang='lat' dir='ltr'>ipsura</span> <span class='ocrx_word' id='word_1_207' title='bbox 864 2733 928 2780; x_wconf 89' lang='lat' dir='ltr'>esse</span> <span class='ocrx_word' id='word_1_208' title='bbox 951 2711 1063 2780; x_wconf 90' lang='lat' dir='ltr'>animal</span> <span class='ocrx_word' id='word_1_209' title='bbox 1079 2711 1246 2799; x_wconf 83' lang='lat' dir='ltr'>rationale,</span> 
     </span>
     <span class='ocr_line' id='line_1_25' title="bbox 126 2809 1248 2904; baseline 0.003 -25"><span class='ocrx_word' id='word_1_210' title='bbox 126 2815 204 2901; x_wconf 84' lang='lat' dir='ltr'>quin</span> <span class='ocrx_word' id='word_1_211' title='bbox 227 2813 358 2901; x_wconf 81' lang='lat' dir='ltr'>cogitem</span> <span class='ocrx_word' id='word_1_212' title='bbox 382 2813 482 2904; x_wconf 87' lang='lat' dir='ltr'>ipsura</span> <span class='ocrx_word' id='word_1_213' title='bbox 497 2835 562 2884; x_wconf 87' lang='lat' dir='ltr'>esse</span> <span class='ocrx_word' id='word_1_214' title='bbox 577 2813 659 2881; x_wconf 90' lang='lat' dir='ltr'>hunc</span> <span class='ocrx_word' id='word_1_215' title='bbox 675 2813 842 2895; x_wconf 71' lang='lat' dir='ltr'>hominem</span> <span class='ocrx_word' id='word_1_216' title='bbox 861 2815 919 2898; x_wconf 88' lang='lat' dir='ltr'>rel,</span> <span class='ocrx_word' id='word_1_217' title='bbox 941 2834 1014 2880; x_wconf 89' lang='lat' dir='ltr'>cum</span> <span class='ocrx_word' id='word_1_218' title='bbox 1037 2814 1150 2881; x_wconf 88' lang='lat' dir='ltr'>animal</span> <span class='ocrx_word' id='word_1_219' title='bbox 1173 2809 1248 2882; x_wconf 87' lang='lat' dir='ltr'>oon-</span> 
     </span>
     <span class='ocr_line' id='line_1_26' title="bbox 121 2912 1245 3004; baseline 0.001 -23"><span class='ocrx_word' id='word_1_220' title='bbox 121 2915 237 3004; x_wconf 86' lang='lat' dir='ltr'>‘sidero,</span> <span class='ocrx_word' id='word_1_221' title='bbox 261 2913 337 3003; x_wconf 85' lang='lat' dir='ltr'>quin</span> <span class='ocrx_word' id='word_1_222' title='bbox 359 2914 485 3004; x_wconf 89' lang='lat' dir='ltr'>ipsam,</span> <span class='ocrx_word' id='word_1_223' title='bbox 510 2913 557 2982; x_wconf 88' lang='lat' dir='ltr'>uti</span> <span class='ocrx_word' id='word_1_224' title='bbox 580 2913 761 2999; x_wconf 88' lang='lat' dir='ltr'>hominem,</span> <span class='ocrx_word' id='word_1_225' title='bbox 792 2912 961 3000; x_wconf 86' lang='lat' dir='ltr'>inspiciam.</span> <span class='ocrx_word' id='word_1_226' title='bbox 986 2912 1102 2982; x_wconf 85' lang='lat' dir='ltr'>Dicitur</span> <span class='ocrx_word' id='word_1_227' title='bbox 1124 2915 1245 3001; x_wconf 87' lang='lat' dir='ltr'>totalis,</span> 
     </span>
     <span class='ocr_line' id='line_1_27' title="bbox 125 3009 1246 3108; baseline 0 -23"><span class='ocrx_word' id='word_1_228' title='bbox 125 3018 200 3108; x_wconf 84' lang='lat' dir='ltr'>qaia</span> <span class='ocrx_word' id='word_1_229' title='bbox 223 3029 331 3086; x_wconf 90' lang='lat' dir='ltr'>natura</span> <span class='ocrx_word' id='word_1_230' title='bbox 353 3016 559 3106; x_wconf 88' lang='lat' dir='ltr'>communior,</span> <span class='ocrx_word' id='word_1_231' title='bbox 584 3040 612 3085; x_wconf 91' lang='lat' dir='ltr'>e.</span> <span class='ocrx_word' id='word_1_232' title='bbox 629 3040 676 3106; x_wconf 77' lang='lat' dir='ltr'>g,</span> <span class='ocrx_word' id='word_1_233' title='bbox 701 3017 832 3102; x_wconf 80' lang='lat' dir='ltr'>oaintal,</span> <span class='ocrx_word' id='word_1_234' title='bbox 849 3037 881 3084; x_wconf 89' lang='lat' dir='ltr'>so</span> <span class='ocrx_word' id='word_1_235' title='bbox 903 3015 994 3084; x_wconf 89' lang='lat' dir='ltr'>habet</span> <span class='ocrx_word' id='word_1_236' title='bbox 1017 3027 1052 3082; x_wconf 89' lang='lat' dir='ltr'>ut</span> <span class='ocrx_word' id='word_1_237' title='bbox 1076 3027 1176 3085; x_wconf 85' lang='lat' dir='ltr'>toturn</span> <span class='ocrx_word' id='word_1_238' title='bbox 1200 3009 1246 3085; x_wconf 81' lang='lat' dir='ltr'>re-</span> 
     </span>
     <span class='ocr_line' id='line_1_28' title="bbox 124 3116 1248 3208; baseline -0.003 -19"><span class='ocrx_word' id='word_1_239' title='bbox 124 3133 231 3208; x_wconf 82' lang='lat' dir='ltr'>specto</span> <span class='ocrx_word' id='word_1_240' title='bbox 255 3132 381 3187; x_wconf 90' lang='lat' dir='ltr'>naturae</span> <span class='ocrx_word' id='word_1_241' title='bbox 396 3118 558 3204; x_wconf 78' lang='lat' dir='ltr'>inferioris,</span> <span class='ocrx_word' id='word_1_242' title='bbox 583 3140 612 3186; x_wconf 88' lang='lat' dir='ltr'>e.</span> <span class='ocrx_word' id='word_1_243' title='bbox 630 3141 676 3207; x_wconf 72' lang='lat' dir='ltr'>g,</span> <span class='ocrx_word' id='word_1_244' title='bbox 701 3118 803 3186; x_wconf 82' lang='lat' dir='ltr'>leorrto.</span> <span class='ocrx_word' id='word_1_245' title='bbox 822 3116 991 3187; x_wconf 82' lang='lat' dir='ltr'>Abstractio</span> <span class='ocrx_word' id='word_1_246' title='bbox 1007 3128 1108 3186; x_wconf 84' lang='lat' dir='ltr'>autem</span> <span class='ocrx_word' id='word_1_247' title='bbox 1132 3119 1248 3204; x_wconf 81' lang='lat' dir='ltr'>sorma-</span> 
     </span>
     <span class='ocr_line' id='line_1_29' title="bbox 124 3217 1248 3306; baseline -0.004 -16"><span class='ocrx_word' id='word_1_248' title='bbox 124 3225 164 3291; x_wconf 77' lang='lat' dir='ltr'>tn·</span> <span class='ocrx_word' id='word_1_249' title='bbox 188 3223 223 3290; x_wconf 86' lang='lat' dir='ltr'>fit</span> <span class='ocrx_word' id='word_1_250' title='bbox 239 3243 310 3289; x_wconf 85' lang='lat' dir='ltr'>curn</span> <span class='ocrx_word' id='word_1_251' title='bbox 334 3220 366 3287; x_wconf 89' lang='lat' dir='ltr'>in</span> <span class='ocrx_word' id='word_1_252' title='bbox 390 3219 439 3288; x_wconf 91' lang='lat' dir='ltr'>sui</span> <span class='ocrx_word' id='word_1_253' title='bbox 462 3219 590 3288; x_wconf 87' lang='lat' dir='ltr'>essentia</span> <span class='ocrx_word' id='word_1_254' title='bbox 614 3227 731 3286; x_wconf 89' lang='lat' dir='ltr'>tantum</span> <span class='ocrx_word' id='word_1_255' title='bbox 748 3217 848 3306; x_wconf 78' lang='lat' dir='ltr'>aliqua</span> <span class='ocrx_word' id='word_1_256' title='bbox 872 3230 982 3286; x_wconf 88' lang='lat' dir='ltr'>natura</span> <span class='ocrx_word' id='word_1_257' title='bbox 997 3217 1142 3306; x_wconf 85' lang='lat' dir='ltr'>accipitur</span> <span class='ocrx_word' id='word_1_258' title='bbox 1164 3230 1248 3286; x_wconf 84' lang='lat' dir='ltr'>extra</span> 
     </span>
     <span class='ocr_line' id='line_1_30' title="bbox 115 3309 1248 3410; baseline -0.006 -16"><span class='ocrx_word' id='word_1_259' title='bbox 115 3323 312 3410; x_wconf 82' lang='lat' dir='ltr'>subiectum,</span> <span class='ocrx_word' id='word_1_260' title='bbox 331 3323 361 3389; x_wconf 92' lang='lat' dir='ltr'>in</span> <span class='ocrx_word' id='word_1_261' title='bbox 383 3343 445 3409; x_wconf 87' lang='lat' dir='ltr'>quo</span> <span class='ocrx_word' id='word_1_262' title='bbox 461 3320 610 3404; x_wconf 88' lang='lat' dir='ltr'>subsistit,</span> <span class='ocrx_word' id='word_1_263' title='bbox 634 3319 683 3387; x_wconf 86' lang='lat' dir='ltr'>vel</span> <span class='ocrx_word' id='word_1_264' title='bbox 704 3319 755 3388; x_wconf 92' lang='lat' dir='ltr'>cui</span> <span class='ocrx_word' id='word_1_265' title='bbox 782 3309 929 3405; x_wconf 83' lang='lat' dir='ltr'>inhaeret,</span> <span class='ocrx_word' id='word_1_266' title='bbox 945 3341 973 3388; x_wconf 91' lang='lat' dir='ltr'>e.</span> <span class='ocrx_word' id='word_1_267' title='bbox 991 3342 1037 3407; x_wconf 63' lang='lat' dir='ltr'>gn,</span> <span class='ocrx_word' id='word_1_268' title='bbox 1060 3319 1248 3409; x_wconf 81' lang='lat' dir='ltr'>buruauitas,</span> 
     </span>
     <span class='ocr_line' id='line_1_31' title="bbox 123 3420 1245 3518; baseline -0.004 -23"><span class='ocrx_word' id='word_1_269' title='bbox 123 3426 270 3495; x_wconf 74' lang='lat' dir='ltr'>altitudo.</span> <span class='ocrx_word' id='word_1_270' title='bbox 293 3447 306 3488; x_wconf 86' lang='grc' dir='ltr'>ι</span> <span class='ocrx_word' id='word_1_271' title='bbox 327 3423 456 3513; x_wconf 85' lang='lat' dir='ltr'>Duplex,</span> <span class='ocrx_word' id='word_1_272' title='bbox 474 3427 559 3490; x_wconf 89' lang='lat' dir='ltr'>aits.</span> <span class='ocrx_word' id='word_1_273' title='bbox 576 3421 721 3518; x_wconf 80' lang='lat' dir='ltr'>Thomas,</span> <span class='ocrx_word' id='word_1_274' title='bbox 739 3421 774 3488; x_wconf 86' lang='lat' dir='ltr'>tn</span> <span class='ocrx_word' id='word_1_275' title='bbox 790 3420 952 3490; x_wconf 87' lang='lat' dir='ltr'>abstractio</span> <span class='ocrx_word' id='word_1_276' title='bbox 980 3443 1032 3510; x_wconf 88' lang='lat' dir='ltr'>per</span> <span class='ocrx_word' id='word_1_277' title='bbox 1047 3421 1245 3491; x_wconf 85' lang='lat' dir='ltr'>intellectum:</span> 
     </span>
     <span class='ocr_line' id='line_1_32' title="bbox 123 3522 1248 3615; baseline -0.003 -18"><span class='ocrx_word' id='word_1_278' title='bbox 123 3551 188 3597; x_wconf 87' lang='lat' dir='ltr'>una</span> <span class='ocrx_word' id='word_1_279' title='bbox 210 3525 345 3615; x_wconf 87' lang='lat' dir='ltr'>quidem,</span> <span class='ocrx_word' id='word_1_280' title='bbox 370 3525 540 3594; x_wconf 86' lang='lat' dir='ltr'>secundum</span> <span class='ocrx_word' id='word_1_281' title='bbox 563 3524 646 3613; x_wconf 78' lang='lat' dir='ltr'>quod</span> <span class='ocrx_word' id='word_1_282' title='bbox 676 3522 844 3592; x_wconf 78' lang='lat' dir='ltr'>uniuersale</span> <span class='ocrx_word' id='word_1_283' title='bbox 871 3522 1055 3592; x_wconf 86' lang='lat' dir='ltr'>abstrahitur</span> <span class='ocrx_word' id='word_1_284' title='bbox 1076 3547 1093 3592; x_wconf 87' lang='lat' dir='ltr'>a</span> <span class='ocrx_word' id='word_1_285' title='bbox 1117 3527 1248 3614; x_wconf 90' lang='lat' dir='ltr'>particu-</span> 
     </span>
     <span class='ocr_line' id='line_1_33' title="bbox 123 3625 1249 3716; baseline -0.004 -16"><span class='ocrx_word' id='word_1_286' title='bbox 123 3632 195 3716; x_wconf 91' lang='lat' dir='ltr'>lari,</span> <span class='ocrx_word' id='word_1_287' title='bbox 221 3641 255 3696; x_wconf 88' lang='lat' dir='ltr'>ut</span> <span class='ocrx_word' id='word_1_288' title='bbox 277 3629 389 3696; x_wconf 89' lang='lat' dir='ltr'>animal</span> <span class='ocrx_word' id='word_1_289' title='bbox 412 3628 450 3694; x_wconf 89' lang='lat' dir='ltr'>ab</span> <span class='ocrx_word' id='word_1_290' title='bbox 472 3627 600 3694; x_wconf 89' lang='lat' dir='ltr'>homine</span> <span class='ocrx_word' id='word_1_291' title='bbox 613 3648 622 3708; x_wconf 79' lang='lat'>3</span> <span class='ocrx_word' id='word_1_292' title='bbox 647 3626 704 3691; x_wconf 89' lang='lat' dir='ltr'>alia</span> <span class='ocrx_word' id='word_1_293' title='bbox 726 3646 819 3711; x_wconf 83' lang='lat' dir='ltr'>vero,</span> <span class='ocrx_word' id='word_1_294' title='bbox 849 3625 1018 3692; x_wconf 88' lang='lat' dir='ltr'>secundum</span> <span class='ocrx_word' id='word_1_295' title='bbox 1042 3626 1124 3713; x_wconf 76' lang='lat' dir='ltr'>‹puod</span> <span class='ocrx_word' id='word_1_296' title='bbox 1152 3627 1249 3695; x_wconf 83' lang='lat' dir='ltr'>laima</span> 
     </span>
     <span class='ocr_line' id='line_1_34' title="bbox 121 3727 1247 3816; baseline -0.005 -13"><span class='ocrx_word' id='word_1_297' title='bbox 121 3732 312 3803; x_wconf 85' lang='lat' dir='ltr'>abstrahitur</span> <span class='ocrx_word' id='word_1_298' title='bbox 335 3754 351 3799; x_wconf 90' lang='lat' dir='ltr'>a</span> <span class='ocrx_word' id='word_1_299' title='bbox 377 3729 513 3815; x_wconf 85' lang='lat' dir='ltr'>materia,</span> <span class='ocrx_word' id='word_1_300' title='bbox 539 3728 617 3796; x_wconf 86' lang='lat' dir='ltr'>sicut</span> <span class='ocrx_word' id='word_1_301' title='bbox 638 3730 736 3797; x_wconf 84' lang='lat' dir='ltr'>torma</span> <span class='ocrx_word' id='word_1_302' title='bbox 753 3727 857 3795; x_wconf 90' lang='lat' dir='ltr'>circuli</span> <span class='ocrx_word' id='word_1_303' title='bbox 873 3727 1060 3797; x_wconf 87' lang='lat' dir='ltr'>abstrahitur</span> <span class='ocrx_word' id='word_1_304' title='bbox 1083 3749 1135 3816; x_wconf 90' lang='lat' dir='ltr'>per</span> <span class='ocrx_word' id='word_1_305' title='bbox 1159 3728 1247 3797; x_wconf 90' lang='lat' dir='ltr'>intel-</span> 
     </span>
     <span class='ocr_line' id='line_1_35' title="bbox 120 3782 1247 3919; baseline -0.008 -12"><span class='ocrx_word' id='word_1_306' title='bbox 120 3782 809 3907; x_wconf 56' lang='grc' dir='ltr'><strong>ΙΜΜΜΜΜΜΜΜΜΜ3]</strong></span> <span class='ocrx_word' id='word_1_307' title='bbox 800 3830 1247 3919; x_wconf 62' lang='grc' dir='ltr'><strong>ι.ΜΜΜΜο,ῳι</strong></span> 
     </span>
     <span class='ocr_line' id='line_1_36' title="bbox 118 3933 1321 4028; baseline -0.007 -21"><span class='ocrx_word' id='word_1_308' title='bbox 118 3960 239 4028; x_wconf 75' lang='lat' dir='ltr'>corpus</span> <span class='ocrx_word' id='word_1_309' title='bbox 259 3937 398 4004; x_wconf 82' lang='lat' dir='ltr'>naturale</span> <span class='ocrx_word' id='word_1_310' title='bbox 412 3935 756 4020; x_wconf 83' lang='lat' dir='ltr'>consideratu1,utpoto</span> <span class='ocrx_word' id='word_1_311' title='bbox 772 3934 961 4001; x_wconf 86' lang='lat' dir='ltr'>constituens</span> <span class='ocrx_word' id='word_1_312' title='bbox 977 3933 1129 4004; x_wconf 87' lang='lat' dir='ltr'>obiectum</span> <span class='ocrx_word' id='word_1_313' title='bbox 1150 3937 1247 4002; x_wconf 86' lang='lat' dir='ltr'>seierr-</span> <span class='ocrx_word' id='word_1_314' title='bbox 1319 3950 1321 3954; x_wconf 84' lang='lat'>·</span> 
     </span>
    </p>
   </div>
   <div class='ocr_carea' id='block_1_2' title="bbox 156 4147 939 4315">
    <p class='ocr_par' dir='ltr' id='par_1_3' title="bbox 156 4147 939 4315">
     <span class='ocr_line' id='line_1_37' title="bbox 156 4147 939 4226; baseline -0.005 -16"><span class='ocrx_word' id='word_1_315' title='bbox 156 4159 182 4226; x_wconf 81' lang='lat'>¹)</span> <span class='ocrx_word' id='word_1_316' title='bbox 201 4153 262 4210; x_wconf 83' lang='lat' dir='ltr'>viu.</span> <span class='ocrx_word' id='word_1_317' title='bbox 282 4172 306 4211; x_wconf 87' lang='lat' dir='ltr'>s.</span> <span class='ocrx_word' id='word_1_318' title='bbox 325 4155 442 4223; x_wconf 79' lang='lat' dir='ltr'>Thom,</span> <span class='ocrx_word' id='word_1_319' title='bbox 460 4151 495 4206; x_wconf 68' lang='lat'>2⁴</span> <span class='ocrx_word' id='word_1_320' title='bbox 512 4151 570 4220; x_wconf 68' lang='lat'>2⁶⁰,</span> <span class='ocrx_word' id='word_1_321' title='bbox 590 4169 619 4222; x_wconf 85' lang='lat' dir='ltr'>q.</span> <span class='ocrx_word' id='word_1_322' title='bbox 640 4149 732 4220; x_wconf 74' lang='lat' dir='ltr'>avrti,</span> <span class='ocrx_word' id='word_1_323' title='bbox 752 4167 779 4205; x_wconf 86' lang='lat' dir='ltr'>u.</span> <span class='ocrx_word' id='word_1_324' title='bbox 804 4147 836 4203; x_wconf 88' lang='grc'>10</span> <span class='ocrx_word' id='word_1_325' title='bbox 855 4151 890 4205; x_wconf 85' lang='lat' dir='ltr'>ad</span> <span class='ocrx_word' id='word_1_326' title='bbox 911 4152 939 4206; x_wconf 90' lang='grc'>2.</span> 
     </span>
     <span class='ocr_line' id='line_1_38' title="bbox 156 4236 861 4315; baseline -0.006 -19"><span class='ocrx_word' id='word_1_327' title='bbox 156 4238 464 4315; x_wconf 66' lang='lat' dir='ltr'>213,q.1›,a,bc.</span> <span class='ocrx_word' id='word_1_328' title='bbox 487 4236 861 4312; x_wconf 73' lang='lat' dir='ltr'>-³J1,q.xo,a.3e.</span> 
     </span>
    </p>
   </div>
   <div class='ocr_carea' id='block_1_3' title="bbox 0 0 1384 4770">
    <p class='ocr_par' dir='ltr' id='par_1_4' title="bbox 0 0 1384 4770">
     <span class='ocr_line' id='line_1_39' title="bbox 0 0 1384 4770; baseline 0 1"><span class='ocrx_word' id='word_1_329' title='bbox 0 0 1384 4770; x_wconf 95' lang='lat' dir='ltr'> </span> 
     </span>
    </p>
   </div>
  </div>
 </body>
</html>
