2760 4770
131 387 370 475 declamemus
391 396 438 460 est
459 385 602 456 ordinare
628 407 659 468 »3
683 407 759 473 ergo
785 408 800 450 <r
828 384 955 454 intentio
981 386 1130 454 nominat
1157 397 1253 455 actum

130 491 308 575 uoluntatis,
332 490 559 581 praesupposita
580 488 776 558 ordinatione
798 487 924 557 rationis
945 489 1124 558 ordinantis
1146 489 1255 579 aliquid

127 597 160 667 in
183 598 276 664 tinem
293 595 305 636 ⁴
325 619 355 664 n.

171 698 281 767 xxru,
305 697 460 766 turanum
477 710 1253 765 toruaurs-rmanaurs-nnnrrunnrs-mrm·

127 820 326 874 rauranum.
362 796 443 866 Haec
464 796 621 865 distinctio
643 797 680 863 ad
703 797 902 863 interdianum
924 795 1094 863 rotuntatis
1129 807 1250 885 spectat.

126 903 234 988 Porro,
248 901 451 968 detentionem
475 899 626 967 actualem
652 899 700 966 itio
723 900 824 985 trabat,
849 899 879 964 in
903 918 965 985 quo
979 907 1027 965 cst
1043 897 1252 984 praesensdc·

127 1004 302 1074 terminatio
318 1001 483 1071 voluntatis
497 1004 662 1070 coniuncta
678 1022 751 1069 cum
766 1000 934 1069 attentione
949 1001 995 1068 rel
1011 1001 1047 1066 ad
1066 1021 1146 1084 rem,
1163 1020 1250 1087 quam

125 1106 217 1195 agit,
241 1115 272 1174 et
294 1105 408 1173 dieitur
429 1105 571 1188 directo,
601 1105 647 1171 vet
671 1103 708 1170 ad
732 1102 832 1191 ipsum
856 1113 959 1170 actum
995 1104 1192 1189 voluntatis,
1225 1112 1251 1171 et

125 1207 238 1277 dicitur
259 1207 388 1294 relicuo.
419 1205 564 1276 Virtuolis
586 1205 722 1291 dicitur,
747 1224 825 1292 qnae
847 1215 917 1271 actu
940 1203 1066 1292 quidem
1096 1225 1163 1274 non
1185 1216 1248 1293 cst,

126 1316 178 1385 sed
201 1313 271 1381 duit
291 1313 330 1381 ab
345 1312 469 1399 actuali,
484 1332 563 1401 qaae
588 1314 678 1401 paulo
700 1322 770 1379 ante
785 1311 958 1398 praecessit,
982 1321 1078 1397 atque
1100 1311 1204 1379 adhuc
1223 1311 1249 1378 in

126 1413 283 1484 effectibus
305 1414 371 1485 suis
394 1425 571 1502 perseremt.
596 1413 678 1481 Totis
703 1411 830 1483 intentio
852 1423 899 1483 est
923 1412 954 1479 in
976 1431 1025 1496 eo,
1047 1411 1104 1500 qui
1121 1413 1251 1485 licetde-

126 1517 253 1586 liberata
275 1516 433 1584 votantara
455 1515 611 1584 ambolare
633 1514 775 1603 coeperit,
800 1526 836 1582 ut
857 1512 894 1582 a'd
918 1514 1051 1602 ntiquom
1071 1518 1177 1585 iocum
1194 1538 1250 1606 per·

126 1617 239 1705 ueniat,
252 1627 353 1686 tamen
378 1617 457 1687 inter
479 1616 696 1684 ambulandum
723 1626 824 1685 mente
846 1617 1194 1705 evagatur.Hobituotis
1212 1628 1251 1688 est

126 1718 260 1790 intentio
282 1739 366 1788 mere
390 1717 559 1807 praeterita,
582 1738 646 1787 non
669 1729 817 1805 revocata,
841 1739 919 1808 (puae
943 1718 1003 1786 iam
1024 1739 1131 1808 neque
1155 1720 1186 1788 in
1201 1741 1247 1807 se,

125 1843 225 1912 neque
247 1822 279 1891 in
302 1842 358 1892 sua
380 1821 687 1908 virtute,re1aliquo
708 1821 817 1889 effectu
839 1840 857 1888 a
881 1841 913 1889 se
937 1819 1043 1889 relicto
1058 1821 1182 1905 existit,
1199 1827 1246 1909 nd,
1283 1860 1285 1869 ·

125 1925 296 1994 meandum
330 1924 433 2010 aiios,
472 1924 642 1994 intentione
673 1923 821 1992 trudituott‘
844 1925 878 1991 tit
901 1924 980 1992 actio
997 1946 1115 2013 ,quae
1138 1929 1248 2016 exurgit
1283 1972 1285 2031 ,

77 2111 78 2114 Ἴ
123 2037 246 2095 tantam
280 2047 318 2094 ex
341 2023 504 2110 facilitate,
544 2025 608 2093 sive
643 2025 846 2115 propensione
880 2027 1048 2093 voluntatis
1086 2029 1174 2096 ittam
1206 2033 1250 2098 eti·
1283 2042 1285 2049 '

128 2127 265 2198 ciendam
288 2124 423 2215 repetitis
442 2125 563 2196 actibus
578 2139 764 2214 comparata.
780 2125 964 2194 Huiusmodi
991 2125 1125 2198 intentio
1143 2131 1174 2199 in
1191 2134 1249 2201 dor·

126 2228 305 2315 mientibus,
330 2228 376 2295 vel
400 2230 432 2295 in
453 2227 556 2314 ebriis,
586 2230 632 2296 rel
657 2229 688 2296 in
714 2227 837 2297 furiosis
859 2228 961 2296 adosse
985 2241 1089 2318 potest
1107 2231 1135 2297 ².
1164 2235 1249 2302 Inter·

125 2331 279 2420 pretatiou
299 2327 432 2418 denique
454 2329 566 2399 dicitur
588 2330 657 2416 illa,
682 2350 761 2418 quae
783 2350 880 2418 noque
901 2339 972 2396 actu
994 2341 1058 2418 est,
1084 2354 1189 2423 neque
1208 2358 1248 2405 au·

126 2451 173 2509 tea
196 2437 280 2524 init,
305 2437 355 2507 sed
379 2450 519 2506 censetur
540 2439 670 2523 adesse,
701 2437 726 2508 si
749 2438 814 2508 eius
835 2438 988 2507 obiectum
1013 2442 1172 2512 uoluntati
1194 2465 1248 2534 pm·

124 2551 298 2631 poneretur.
323 2540 411 2608 Unde
431 2553 478 2610 est
501 2552 619 2610 tanturn
642 2540 800 2629 dispositio
822 2540 984 2635 uoluntatis
999 2541 1037 2608 ad
1056 2543 1248 2615 intentionem
1283 2590 1285 2631 Ξ

126 2642 327 2728 eliciendam,
353 2640 379 2711 si
401 2641 553 2711 obiectum
581 2643 608 2712 ei
633 2653 863 2732 proponeretur.
889 2642 925 2709 Ε.
950 2663 997 2730 g.,
1024 2642 1074 2710 uir
1096 2646 1194 2714 etiam
1214 2648 1249 2714 di·
1282 2638 1285 2797 1

126 2742 262 2812 tissimus
283 2744 511 2832 interpretatiue
534 2744 599 2811 ruit
626 2742 682 2811 sibi
706 2741 814 2831 stipem
837 2743 983 2831 erogari,
1007 2743 1035 2810 si
1060 2743 1248 2818 facultatibus
1283 2810 1285 2815 .

127 2845 291 2930 laberetur,
316 2841 387 2910 licet
410 2841 439 2910 id
464 2862 633 2931 numquam
657 2843 845 2931 cogitaverit.
1281 2924 1285 2941 ,

172 2945 278 3013 XXtV.
304 2943 458 3016 larnano
481 2945 864 3016 nonnanis—tursum
898 2964 1086 3018 carnemve.
1115 2951 1246 3037 Intentio,
1283 2948 1285 3043 ἔ

127 3057 219 3139 prout
241 3047 280 3116 ad
303 3045 489 3116 intellectum
521 3057 650 3135 spectat,
675 3048 809 3116 sumitur
837 3050 883 3116 rei
907 3070 962 3136 pro
986 3048 1053 3136 ipso
1074 3063 1152 3121 actu
1176 3054 1247 3120 intot-

126 3149 277 3236 lectionis,
302 3158 333 3218 et
354 3150 466 3218 dicitur
488 3149 624 3236 intentio,
640 3170 693 3218 seu
715 3158 872 3241 conceptus
894 3151 1047 3238 formatis,
1072 3154 1149 3241 quia
1173 3155 1248 3223 intet-

124 3247 220 3321 'leetui
244 3251 336 3319 veluti
361 3252 458 3320 iorma
483 3249 638 3340 inhaeret,
668 3256 712 3321 rot
738 3274 793 3341 pro
816 3274 847 3322 re
870 3253 942 3342 ipsu,
967 3274 1046 3341 quae
1070 3277 1130 3344 per
1153 3254 1247 3346 cugni-

130 3355 246 3422 tionem
269 3351 444 3442 percipitur,
467 3363 499 3422 ct
521 3353 632 3423 dicitur
661 3357 798 3442 intentio,
823 3378 877 3425 seu
901 3362 1059 3444 coemptus
1081 3359 1244 3443 adimanto,

127 3455 198 3547 quia
221 3465 268 3528 est
290 3454 320 3523 id
342 3456 424 3546 quod
460 3455 602 3526 obiicitur
631 3460 725 3528 menti
759 3459 1017 3548 cognoscundum:
1053 3482 1068 3524 a
1100 3461 1244 3544 intentio,

168 3671 193 3744 ¹)
209 3671 244 3729 Cf
259 3669 294 3728 l·
306 3669 364 3743 2¹⁸,
377 3688 406 3744 q.
420 3669 480 3744 xu,
494 3687 522 3730 a.
538 3670 550 3727 1
566 3674 602 3731 ad
616 3674 644 3747 3,
656 3686 685 3734 et
695 3675 729 3749 in,
742 3675 823 3732 tintt
842 3673 935 3745 Scau,
946 3673 1129 3746 Diui-xviii,
1147 3694 1175 3749 q.
1189 3677 1210 3744 t,
1222 3690 1246 3730 n.

128 3756 215 3816 dact.
228 3754 361 3824 Intentio,
374 3767 509 3815 monente
526 3761 630 3817 eodem
642 3773 742 3818 sancto
752 3763 878 3818 Doctore
890 3762 995 3833 (roim,
1012 3761 1084 3816 nist.
1107 3758 1247 3829 xxxtur,

130 3854 159 3912 q.
179 3841 204 3913 t,
221 3858 249 3898 a.
260 3840 277 3899 8
287 3841 325 3898 ad
342 3840 383 3914 2),
397 3843 483 3900 etiam
498 3844 586 3901 robus
599 3847 778 3903 naturatibus
790 3848 887 3918 atique
908 3847 1020 3903 ratione
1033 3849 1195 3903 conventre
1206 3860 1247 3916 pu·

133 3935 197 3982 test.
216 3927 301 3998 Nam,
323 3939 337 3983 ι
357 3928 512 3998 nataralia,
530 3931 661 3998 quamvis
679 3946 738 3985 non
758 3932 881 3987 habeant
893 3932 1086 4000 voluntatem,
1101 3942 1198 3988 tamen
1212 3932 1245 3985 tu·

134 4009 254 4067 tendunt
272 4008 379 4080 aliquid
399 4024 450 4079 per
468 4013 622 4081 appetitum
642 4015 829 4086 naturatem,
849 4015 1007 4071 secundum
1026 4016 1107 4085 quod
1128 4017 1244 4088 dirigan-

129 4105 180 4158 tur
197 4094 226 4151 in
245 4094 331 4150 finem
349 4110 433 4150 suum
452 4096 490 4150 ab
509 4096 656 4155 intellectu
678 4098 792 4169 Divino,
815 4110 935 4156 naturae
947 4098 1126 4156 attribuente
1140 4103 1241 4156 incttna·

132 4180 239 4234 tionem
258 4177 286 4234 in
306 4178 481 4250 daemonas
498 4182 645 4239 inclinatio
662 4184 810 4253 appetitus
825 4184 975 4240 statueratis
992 4184 1239 4257 diciturmctpdt.

169 4263 195 4334 ²)
213 4263 348 4324 Nonuutti
368 4279 421 4335 pro
438 4267 598 4326 intentione
615 4267 763 4328 dubitauit
780 4269 935 4329 virtualem
953 4269 1133 4343 intelligunt.
