2760 4770
10 396 30 457 'n
56 394 124 455 lum
141 394 187 456 εει
203 384 352 476 logicum,
367 383 489 454 lollilnr
503 385 626 474 quidem
644 385 803 474 lerminus,
823 386 853 455 in
868 408 932 478 quo
944 389 1180 462 lundanrenlu'm

10 494 28 560 ri
54 501 102 562 eal
120 493 209 571 realc;
229 503 286 578 εει,
306 491 359 559 illo
376 489 487 578 pesilo,
506 510 628 558 neccsse
649 504 712 558 no'n
726 501 784 578 εει,
800 503 834 559 ul
851 491 904 561 isle
919 491 1011 562 simul
1037 506 1183 583 panarum

10 619 26 664 a
54 614 134 683 eg,
153 595 274 662 sublalo
296 592 405 678 scibili,
421 590 546 660 scieulia
562 589 689 676 lollilur,
703 591 772 679 quia
790 593 946 662 scicnliam
971 595 1035 663 sine
1052 618 1096 683 re,
1109 616 1188 684 quae

10 722 23 764 z.
55 696 165 784 acilnr,
179 716 244 766 csse
261 704 422 784 repugna13
438 703 480 779 al,
500 693 599 781 pesilo
614 693 846 778 scibilimccesse
863 717 924 763 non
940 706 985 764 εει
1001 696 1071 787 poni
1088 696 1186 767 scien·

56 796 215 887 liam,quia
238 796 353 887 aliquid
379 805 479 884 posscl
502 795 585 881 sciri,
605 793 681 883 quin
697 797 736 866 sil
752 797 915 887 quispiam,
933 798 986 888 qui
1003 798 1077 866 illud
1099 797 1186 867 sciata

10 928 18 969 e
55 902 157 990 ilem,
181 901 302 971 sublalo
325 898 453 984 sensili,
471 892 567 964 'baud
593 898 732 986 possibile
761 910 807 968 εει
831 900 929 968 ullum
958 919 1082 968 sensum
1105 919 1185 985 esse,

10 1030 16 1073 2
54 1001 130 1093 quia
153 1021 262 1073 sensus
282 997 410 1069 alicuius
434 997 489 1085 rei,
507 1016 616 1086 nempe
630 997 771 1085 sensalio,
790 998 854 1068 sine
876 1019 921 1086 re,
945 1020 1023 1088 quae
1045 997 1184 1086 somilur,

10 1148 12 1153 ·
55 1117 107 1178 εει
128 1106 227 1192 nolio,
250 1124 328 1193 quae
350 1101 477 1190 seipsam
498 1100 764 1182 desliui13alu0n
786 1112 936 1191 repugnal
958 1121 1184 1191 esse-corpora,

10 1236 12 1277 ε
55 1209 135 1300 quin
158 1207 199 1276 sil
221 1210 322 1276 ullum
350 1203 483 1290 animal,
506 1203 589 1292 quod
612 1224 647 1272 ea
670 1202 784 1285 sentit,
810 1204 852 1270 ila
875 1213 921 1289 ul,
948 1204 1045 1291 posilo
1067 1200 1183 1287 sensili,

56 1330 184 1382 necesse
205 1329 268 1379 non
291 1308 332 1378 sil
356 1317 390 1375 ul
405 1324 512 1375 sensus
535 1317 698 1395 ponantur.
717 1304 864 1385 Quocirca
889 1303 1011 1375 relatiua
1032 1324 1095 1372 nou
1116 1325 1186 1373 mu-

56 1423 117 1486 luu
139 1436 202 1484 non
226 1421 299 1484 sunl
320 1410 414 1481 simul
447 1417 572 1480 rruluru.
601 1409 680 1476 Hinc
702 1429 726 1477 s.
751 1408 907 1480 Thomas:
949 1430 964 1473 r
992 1408 1184 1494 Dicendum,

52 1519 142 1610 quod
166 1517 216 1587 illa
240 1515 362 1586 rolalira
386 1525 458 1582 sunl
481 1512 574 1582 simul
598 1523 719 1598 nalura,
743 1533 821 1601 quac
843 1511 907 1602 pari
930 1511 1046 1580 ratione
1070 1510 1182 1581 mulub

52 1621 242 1706 reseruntur,
267 1617 346 1687 sicul
369 1626 452 1707 paler
474 1615 510 1683 ad
536 1615 647 1703 filium,
669 1614 812 1683 dominus
828 1617 865 1684 ad
889 1635 1025 1700 serrum,
1049 1614 1180 1701 duplum

51 1721 95 1791 ad
118 1721 292 1790 dimidium.
324 1718 377 1787 llla
401 1739 472 1787 rem
496 1717 632 1805 relalira,
659 1717 824 1806 inquibus
852 1738 914 1785 non
936 1728 982 1787 εει
1004 1719 1110 1786 eadem
1134 1710 1184 1786 rai-

52 1822 102 1892 lio
124 1822 272 1893 relercndi
294 1842 331 1890 ex
355 1829 484 1907 utraque
514 1828 609 1909 parlc,
636 1837 698 1886 aon
714 1829 786 1885 sunl
801 1817 895 1886 simul
917 1827 1037 1904 aalma,
1063 1818 1115 1887 sed
1139 1818 1184 1885 al·

54 1935 160 1993 lerum
183 1933 228 1991 εει
252 1921 337 2013 prius
360 1921 539 1990 naturalilcr
553 1944 562 2002 ;
598 1919 677 1990 sicul
704 1921 795 1988 eliam
822 1918 1021 2007 Philosophus
1050 1919 1123 1987 dicil
1145 1918 1184 1988 de

51 2040 149 2096 sensu
171 2035 209 2094 ει.
224 2023 368 2111 sensibili,
394 2021 516 2093 scienda
546 2031 577 2090 ει
599 2021 693 2091 scibili
713 2022 759 2089 ιε.
786 2020 850 2090 Nisi
866 2021 958 2111 quod,
984 2042 1054 2089 cum
1078 2020 1110 2088 in
1135 2043 1182 2093 re·

51 2124 169 2196 latione
191 2146 254 2195 uon
277 2135 386 2199 malua
410 2123 557 2193 larininus
582 2120 700 2213 logicus
731 2133 886 2210 {amquam
908 2131 979 2190 aclu
1002 2121 1180 2194 relacionem

50 2225 171 2296 habens
192 2227 230 2296 ad
256 2226 421 2296 [erminum
457 2229 568 2295 realem
593 2226 747 2312 sumilur,
783 2234 858 2293 lunc
880 2225 970 2293 ambo
992 2236 1065 2294 sunl
1086 2227 1181 2296 simul

51 2335 183 2415 edura,
207 2327 357 2418 siquidem
373 2351 388 2392 o
407 2327 512 2396 relatio
527 2329 697 2396 secundum
722 2337 824 2393 aelam
848 2325 943 2414 exigil
964 2326 1025 2394 duo
1047 2339 1183 2417 ealrema

51 2429 89 2497 in
111 2440 182 2498 aclu
203 2429 331 2499 existere
347 2428 395 2498 ²».
432 2428 468 2498 n.
495 2451 538 2518 g,
567 2451 581 2492 l
613 2427 739 2514 scibile,
769 2429 936 2496 secundum
961 2429 1085 2496 inodum
1109 2451 1182 2501 suae

49 2529 307 2621 signilicalionis,
332 2530 506 2620 praeexistit
533 2529 685 2599 scientiae.
723 2527 801 2616 Sed,
827 2528 851 2597 si
875 2527 1041 2620 accipialur
1064 2531 1178 2620 scibile,

49 2635 222 2705 secundum
245 2644 453 2721 aclum,lunc
473 2644 519 2703 est
534 2634 624 2701 simul
640 2654 711 2702 cum
729 2631 853 2703 scientia
868 2633 1036 2703 secundum
1059 2634 1176 2719 aulum,

50 2758 124 2806 nam
147 2738 259 2807 scilum
283 2759 344 2807 non
368 2747 413 2806 εει
435 2737 560 2826 aliquid,
585 2736 643 2806 nisi
667 2736 706 2807 sil
727 2736 794 2806 cius
816 2737 969 2806 scienlia³
991 2764 1021 2811 a.

103 2838 180 2910 lllll.
207 2840 340 2911 lineam
366 2862 447 2912 suun
473 2861 567 2910 smun
597 2859 790 2909 coonmroun
806 2839 830 2907 ⁴.
856 2839 934 2908 Hinc
956 2841 1008 2931 qni
1032 2845 1116 2913 noril
1141 2869 1176 2914 u-

53 2962 133 3012 num
157 2942 332 3029 relatorum,
358 2943 443 3011 norit
465 2953 495 3010 ει
518 2943 659 3011 alterum.
678 2941 763 3020 Quod
780 2941 904 3010 ollarum
929 2946 1179 3035 eamdem,quam

53 3043 257 3135 praecedens,
281 3043 509 3132 explicationem
536 3044 677 3112 admillil.
698 3045 797 3123 Quare
823 3043 855 3113 ιο
880 3044 1110 3133 inlelligendum
1134 3061 1180 3120 est

51 3143 92 3213 de
114 3142 216 3213 relalis
239 3166 300 3214 non
323 3145 536 3232 rnmnioliler,
554 3145 607 3215 sed
629 3144 804 3232 (orrrcnliler
819 3146 1027 3218 consideratis.
1046 3150 1078 3221 ⁶2⁰
1101 3151 1179 3221 Cum

93 3322 117 3395 ¹)
138 3323 190 3397 Qq.
211 3322 321 3395 dispp,
344 3321 385 3381 De
405 3325 482 3389 ror„
500 3343 528 3395 q.
548 3324 607 3395 vll,
632 3339 660 3379 a.
678 3323 696 3379 8
714 3323 750 3378 ad
772 3322 797 3378 l.
826 3324 906 3382 Unde
924 3327 1080 3386 concludil:
1103 3346 1116 3387 r
1137 3333 1172 3389 El

57 3407 103 3466 sic
123 3418 198 3478 paler
214 3409 290 3480 quod
310 3424 366 3465 non
385 3420 500 3480 oporrer
517 3409 592 3479 quod
613 3411 699 3476 Deus,
713 3420 741 3465 ει
754 3421 889 3466 creatura
909 3412 964 3467 siai
982 3413 1067 3469 simul
1088 3429 1169 3473 narn*

54 3494 103 3564 ri,
122 3505 190 3549 cum
209 3507 265 3548 uon
284 3494 319 3550 sir
338 3494 441 3549 eadem
462 3492 536 3548 racio
557 3492 700 3548 referendi
725 3508 761 3548 rx
781 3503 903 3564 urraque
923 3504 1004 3565 parre
1025 3512 1051 3552 a.

89 3578 118 3647 ²)
135 3578 165 3634 lu
185 3576 235 3633 lib.
254 3575 264 3632 l
284 3576 352 3635 Dlsl.
373 3576 467 3645 XXX,
486 3593 513 3648 q.
535 3575 558 3646 l,
576 3591 605 3632 a.
626 3575 639 3631 1
659 3578 714 3632 sol.
856 3576 861 3585 '

90 3659 116 3733 3)
134 3661 158 3733 l,
177 3678 205 3733 q.
226 3661 300 3732 Xlll,
317 3677 346 3718 a.
365 3659 383 3717 7
402 3662 438 3718 ad
458 3660 485 3718 6.
516 3661 660 3730 Quocirca
688 3661 764 3719 Deus
785 3677 799 3718 r
826 3677 882 3720 nou
902 3672 994 3733 polest
1012 3664 1116 3723 referri
1135 3668 1173 3725 od

51 3756 219 3820 mensurus,
239 3757 271 3803 ur
289 3745 404 3803 actuale
423 3745 595 3818 principium
619 3756 785 3817 creaturae,
805 3746 859 3805 uisi
876 3759 1013 3807 creatura
1033 3750 1174 3813 existence

51 3832 84 3892 iu
103 3841 171 3888 ucru
192 3846 219 3903 ις
239 3831 269 3887 lu
289 3832 339 3887 lib.
360 3831 371 3886 l
392 3832 484 3901 Sena,
504 3832 561 3888 loc.
582 3831 631 3888 cir.

88 3916 115 3985 ⁴)
135 3931 148 3970 ι
169 3915 290 3973 Nomina
310 3915 431 3973 relativa
452 3931 508 3973 uon
534 3931 585 3986 par
603 3930 634 3972 sa
653 3923 683 3971 ει
700 3929 831 3972 seomum
851 3915 1062 3992 intelliguntur,
1082 3929 1115 3977 ul
1133 3935 1178 3980 re-

52 4000 133 4073 liqua
153 3999 282 4071 uomina,
300 4001 350 4057 sed
370 3998 490 4056 omniuo
507 4015 542 4056 ea
562 4002 797 4071 allemanniam
817 4010 948 4070 respecru
966 4002 1122 4076 dicuntur,
1141 4007 1178 4065 sl·

53 4086 191 4162 gniflcanl
211 4101 238 4158 ¹3
256 4102 282 4143 s.
302 4085 403 4160 cyrill.
422 4086 517 4157 Alex,
538 4086 694 4156 Therone,
715 4086 822 4143 Assem.
842 4084 891 4142 Xl.
908 4102 921 4141 r
936 4087 1078 4163 Nomina,
1101 4107 1178 4162 queo

52 4174 91 4230 ud
109 4170 215 4243 aliquid
234 4178 311 4240 suar,
330 4180 380 4226 aur
398 4183 580 4242 quocumque
605 4169 719 4227 rarione
738 4179 870 4242 εεερεειιι
883 4170 1004 4230 uberius
1028 4173 1175 4252 dicamur,

53 4256 140 4317 dmul
160 4265 189 4312 ει
209 4255 356 4315 intellectu
376 4265 404 4314 er
422 4265 524 4313 natura
542 4263 608 4314 sunl
621 4270 649 4328 ¹3
667 4253 740 4313 ibid.
