2760 4770
58 330 156 398 tentia
168 331 313 420 passive,
336 352 389 400 seu
413 329 678 421 protectumque
699 339 745 400 est
765 332 914 420 capacitas
930 331 1056 402 subiecti
1079 337 1116 404 ed
1133 355 1181 405 ra

57 429 232 518 cipiendum
256 443 358 503 actum
383 427 539 501 formalem
564 434 626 500 sive
655 434 904 521 substantialem,
927 435 991 529 ,sire
1013 433 1180 508 accidenta-

57 532 132 619 lem,
159 554 188 602 v.
215 557 260 623 gu,
286 533 440 623 dispositio
462 536 600 626 corporis
620 535 656 602 od
687 528 889 624 recipiendam
912 538 1064 625 animam,
1083 538 1180 629 pellu-

54 633 163 704 ciditas
185 638 263 706 aeris
285 639 321 705 ad
346 639 449 704 lumen
472 632 712 724 suscipiendum,
737 638 883 728 capacitas
907 641 1069 708 marmoris
1085 641 1178 709 inela-

55 737 156 806 borati
179 738 215 806 ad
241 738 442 828 recipiendam
467 740 597 828 figuram
619 750 677 808 etc.
697 741 722 808 ².
746 740 779 808 3⁰
802 741 989 834 Quandoque
1013 751 1180 835 usurpator

57 859 117 927 pro
139 838 200 929 ipsa
223 841 372 926 entitate,
397 861 450 910 seu
472 839 629 910 existentia
653 840 708 927 rei,
734 861 794 930 qua
818 842 936 911 ratione
960 843 1108 934 quidquid
1131 855 1179 912 est

55 953 142 1010 extra
167 943 310 1032 nibilum,
333 946 397 1013 sive
419 942 531 1031 existit,
556 943 666 1012 dicitur
688 952 774 1013 actus
796 949 1047 1032 anticrucem
1069 948 1180 1019 loedere

55 1052 160 1111 oetam
183 1047 387 1136 encleticum
411 1046 498 1136 eique
521 1046 685 1136 opponitur
704 1050 840 1138 petentia
862 1051 1017 1136 obiectioo,
1034 1072 1111 1140 quae
1133 1062 1180 1121 est

57 1167 142 1229 mera
166 1147 210 1215 rei
236 1148 513 1239 possibilitaS,'seu
537 1170 601 1218 non
625 1151 826 1239 repugnantia
848 1152 887 1219 ad
909 1152 1122 1240 existendum,
1146 1151 1179 1220 in

57 1269 118 1339 qua
141 1251 274 1337 potentia
299 1245 392 1321 modo
414 1264 461 1323 est
481 1250 695 1341 Antichristus,
712 1252 765 1342 qui
787 1252 859 1323 lieet
881 1275 945 1324 non
966 1253 1086 1346 existat,
1110 1263 1179 1344 pet·

54 1359 101 1420 est
124 1361 226 1423 tamen
248 1353 377 1425 existere
400 1355 426 1424 ⁸.
604 1427 611 1436 ,

104 1452 186 1525 xxt.
211 1455 315 1526 iterus
338 1478 471 1529 nonnus
496 1458 650 1531 -durus
675 1479 811 1532 uuunu.
837 1459 930 1530 Actus
953 1458 1085 1527 demoni
1105 1465 1180 1527 sunt

50 1554 92 1643 ii,
118 1556 150 1625 in
172 1579 250 1647 quos
272 1560 365 1628 borno
383 1560 526 1630 virtutem
550 1560 692 1649 eligendi,
706 1582 740 1630 ac
756 1562 882 1652 proinde
904 1561 1076 1629 dominium
1091 1581 1178 1630 erer-

10 1724 11 1728 ,
51 1681 122 1728 rere
146 1671 261 1751 potest,
286 1675 316 1731 et
339 1664 484 1754 quoniam
520 1666 660 1733 voluntas
690 1673 757 1750 est,
781 1685 859 1753 quae
881 1680 935 1754 per
957 1661 1083 1732 rationis
1106 1682 1180 1731 con-

53 1762 261 1858 sultationem,
280 1763 337 1834 seu'
348 1767 596 1837 deliberationem
613 1766 722 1855 aliquid
742 1767 885 1854 proaulio
900 1766 995 1855 eligit,
1013 1765 1080 1834 ideo
1096 1775 1182 1846 actus

52 1863 182 1932 humani
205 1881 279 1936 sunt
301 1869 354 1958 qui
372 1893 388 1939 a
404 1874 561 1940 voluntate
577 1871 737 1938 deliberata
755 1868 933 1957 procedunt.
955 1866 1104 1934 Dicuntur
1124 1865 1182 1933 ab·

52 1976 116 2034 tem
140 1966 280 2057 tremant,
304 1971 377 2060 quia
400 1984 473 2040 sunt
498 1971 609 2061 proprii
634 1970 776 2058 hominis,
802 1980 894 2058 prout
915 1973 962 2038 'est
976 1971 1082 2056 bomo,
1109 1978 1140 2037 et
1162 1989 1180 2037 a

54 2071 202 2139 creaturis
225 2074 341 2159 ratione
371 2075 543 2144 carentibus
566 2074 778 2163 distinguitur.
802 2073 895 2142 delos
923 2071 1055 2140 leontinis
1080 2071 1183 2160 appel·

56 2173 171 2259 lentur,
186 2173 238 2262 qui
261 2195 325 2242 non
344 2187 416 2244 sunt
432 2176 544 2264 proprii
560 2175 704 2260 bominis,
721 2184 813 2265 prout
828 2187 874 2242 est
890 2173 994 2260 borne,
1012 2171 1086 2240 idest
1101 2172 1183 2239 liunt

56 2271 123 2339 sine
145 2273 360 2347 deliberatione
383 2280 556 2366 rationis,ec
572 2277 698 2367 proinde
722 2276 786 2344 sine
807 2276 952 2344 electione
969 2271 1131 2344 volontatis
1156 2273 1181 2342 ³.

56 2375 99 2441 Ex
124 2373 173 2445 bis
197 2377 351 2466 colligitur
383 2379 534 2447 ladmones
558 2379 677 2470 proprie
699 2399 765 2448 esse
787 2377 856 2446 illes
878 2386 991 2463 ectus,
1015 2375 1067 2466 qui
1083 2375 1183 2466 errcocl

57 2477 186 2545 enodem
210 2482 355 2570 operandi
376 2482 509 2550 actiones
542 2483 694 2549 excedunt
724 2501 828 2548 rerum
851 2478 966 2546 ratione
989 2474 1181 2562 carentium,

57 2599 121 2646 non
145 2580 216 2648 item
240 2583 293 2670 qui
318 2593 436 2650 tanturn
460 2583 559 2670 prroed
580 2581 779 2650 substantiam
803 2578 915 2670 proprii
939 2588 1013 2646 sunt
1034 2577 1182 2663 bominis

57 2694 130 2773 puta
154 2683 382 2772 intellectione,
406 2697 437 2754 et
459 2684 618 2753 volitiones
641 2684 836 2763 neeessariae;
862 2681 1010 2771 siquidem
1032 2681 1090 2748 bac
1111 2697 1183 2768 ope-

60 2784 205 2873 rationes,
228 2808 299 2854 cum
324 2807 414 2876 penes
437 2786 563 2854 liberam
588 2783 746 2876 potestatis
771 2783 908 2853 bominis
930 2802 993 2852 uon
1016 2781 1090 2869 sint,
1113 2799 1184 2871 ope-

56 2887 226 2958 rationibus
249 2912 351 2958 rerum
375 2890 561 2984 naturalium
585 2887 814 2976 quedammodo
832 2885 1040 2958 assimilantur
1054 2883 1080 2950 ⁴.

102 2992 197 3061 XXll.
222 2997 331 3065 durus
354 2997 693 3065 rueramus—‚leros
715 3011 874 3060 nutemus.
899 2989 993 3065 Actus
1008 2985 1099 3055 eliciti
1112 2992 1187 3054 sunt

56 3097 110 3187 qui
135 3119 190 3185 perf
212 3117 245 3165 se
267 3101 302 3166 ad
326 3100 515 3169 voluntatem
539 3094 706 3191 pertinent,
730 3094 769 3161 ab
790 3111 885 3181 eaque
908 3100 1065 3258 temrpuam
1088 3084 1183 3155 actio·

58 3221 111 3268 nes
135 3198 202 3266 eius
225 3190 362 3288 propriae
385 3196 555 3266 immediate
579 3197 801 3287 producuntur3
825 3217 855 3264 e.
881 3215 926 3282 g.‚
950 3189 1038 3276 cele,
1061 3206 1182 3257 eonsen-

60 3305 131 3387 tr're,
156 3300 276 3391 elicere.
304 3303 453 3391 imperati
486 3299 631 3369 dicuntur
653 3299 718 3387 illi,
742 3296 795 3388 qui
819 3317 873 3386 per
894 3293 967 3364 alias
990 3291 1187 3361 tacutansa

58 3406 217 3472 voluntate
239 3416 336 3473 motas
361 3405 598 3497 producuntur,
628 3402 668 3469 ito
693 3411 729 3468 ut
750 3400 788 3468 ad
810 3401 1001 3468 voluntatem
1023 3395 1184 3484 spectent,

60 3529 124 3577 non
151 3517 242 3597 prout
264 3508 302 3575 ab
324 3507 391 3597 ipsa
410 3509 635 3599 producuntur,
660 3504 713 3572 sed
742 3512 833 3594 prout
851 3509 959 3594 moret
981 3497 1056 3566 elias
1079 3505 1184 3584 poten·

59 3609 117 3678 tias
141 3609 178 3676 ad
200 3608 367 3678 exerendos
388 3620 474 3677 actus
489 3607 547 3677 sibi
565 3605 716 3697 proprios3
732 3605 761 3672 e.
780 3626 825 3692 g,
843 3599 1063 3692 contemplatio,
1081 3597 1186 3664 decm-

58 3710 204 3783 ceuton
220 3712 285 3780 Hoc
307 3711 433 3804 interest
456 3711 533 3779 inter
556 3708 665 3778 elicere
679 3719 794 3794 actum,
811 3718 842 3775 et
857 3706 1018 3795 imperare,
1035 3699 1116 3792 quod
1132 3698 1186 3767 bu-

101 3978 125 4050 ¹)
145 3979 207 4034 vio.
231 3979 494 4047 Formo-Materia,
514 3977 566 4031 litt.
588 3977 625 4032 F.

102 4067 136 4130 ²).
149 4065 211 4119 Vid.
232 4066 364 4122 Potentia
381 4058 738 4130 ceretaniae-obtectae,
758 4057 810 4115 litt.
831 4058 863 4116 Pr

99 4149 124 4217 ³)
146 4148 177 4202 1ι
193 4149 250 4212 2³⁰,
270 4169 298 4219 q.
319 4151 340 4219 l,
361 4167 387 4204 n.
410 4150 418 4200 l
439 4164 465 4204 c.

96 4237 122 4305 ⁴)
144 4225 206 4290 vid.
227 4235 366 4308 Cuictnn,
389 4237 424 4292 In
443 4237 499 4291 too.
520 4233 570 4288 cit.
591 4245 616 4286 a.
639 4227 774 4285 Tdontae.
