<?xml version="1.0" encoding="UTF-8"?>
<!DOCTYPE html PUBLIC "-//W3C//DTD XHTML 1.0 Transitional//EN"
    "http://www.w3.org/TR/xhtml1/DTD/xhtml1-transitional.dtd">
<html xmlns="http://www.w3.org/1999/xhtml" xml:lang="en" lang="en">
 <head>
  <title>
</title>
<meta http-equiv="Content-Type" content="text/html;charset=utf-8" />
  <meta name='ocr-system' content='tesseract 3.04.00' />
  <meta name='ocr-capabilities' content='ocr_page ocr_carea ocr_par ocr_line ocrx_word'/>
</head>
<body>
  <div class='ocr_page' id='page_1' title='image "./lexiconperipate00signgoog/lexiconperipate00signgoog_0356.png"; bbox 0 0 2760 4770; ppageno 0'>
   <div class='ocr_carea' id='block_1_1' title="bbox 108 411 1245 811">
    <p class='ocr_par' dir='ltr' id='par_1_1' title="bbox 108 411 1245 811">
     <span class='ocr_line' id='line_1_1' title="bbox 117 411 1245 507; baseline -0.002 -25"><span class='ocrx_word' id='word_1_1' title='bbox 117 411 255 482; x_wconf 80' lang='lat' dir='ltr'>similem</span> <span class='ocrx_word' id='word_1_2' title='bbox 283 413 396 484; x_wconf 85' lang='lat' dir='ltr'><strong>iorniae</strong></span> <span class='ocrx_word' id='word_1_3' title='bbox 420 413 535 502; x_wconf 81' lang='lat' dir='ltr'><strong>agentis</strong></span> <span class='ocrx_word' id='word_1_4' title='bbox 561 436 567 481; x_wconf 93' lang='lat'><strong>:</strong></span> <span class='ocrx_word' id='word_1_5' title='bbox 595 413 677 507; x_wconf 83' lang='lat' dir='ltr'><strong>qiicd</strong></span> <span class='ocrx_word' id='word_1_6' title='bbox 699 421 800 480; x_wconf 86' lang='lat' dir='ltr'><strong>autern</strong></span> <span class='ocrx_word' id='word_1_7' title='bbox 823 421 870 481; x_wconf 89' lang='lat' dir='ltr'><strong>est</strong></span> <span class='ocrx_word' id='word_1_8' title='bbox 891 414 930 481; x_wconf 88' lang='lat' dir='ltr'><strong>ab</strong></span> <span class='ocrx_word' id='word_1_9' title='bbox 964 422 1072 502; x_wconf 74' lang='lat' dir='ltr'><strong>agente</strong></span> <span class='ocrx_word' id='word_1_10' title='bbox 1106 415 1245 482; x_wconf 87' lang='lat' dir='ltr'><strong>volonta-</strong></span> 
     </span>
     <span class='ocr_line' id='line_1_2' title="bbox 118 514 1245 603; baseline -0.003 -19"><span class='ocrx_word' id='word_1_11' title='bbox 118 516 200 602; x_wconf 85' lang='lat' dir='ltr'><strong>rio,</strong></span> <span class='ocrx_word' id='word_1_12' title='bbox 225 515 335 585; x_wconf 90' lang='lat' dir='ltr'><strong>retinet</strong></span> <span class='ocrx_word' id='word_1_13' title='bbox 358 514 593 585; x_wconf 86' lang='lat' dir='ltr'><strong>similitudinem</strong></span> <span class='ocrx_word' id='word_1_14' title='bbox 613 514 704 601; x_wconf 89' lang='lat' dir='ltr'><strong>eius,</strong></span> <span class='ocrx_word' id='word_1_15' title='bbox 730 524 820 603; x_wconf 87' lang='lat' dir='ltr'><strong>pront</strong></span> <span class='ocrx_word' id='word_1_16' title='bbox 849 514 947 584; x_wconf 78' lang='lat' dir='ltr'><strong>liabet&#39;</strong></span> <span class='ocrx_word' id='word_1_17' title='bbox 962 514 1091 585; x_wconf 86' lang='lat' dir='ltr'><strong>formam</strong></span> <span class='ocrx_word' id='word_1_18' title='bbox 1114 514 1245 585; x_wconf 89' lang='lat' dir='ltr'><strong>simiiein</strong></span> 
     </span>
     <span class='ocr_line' id='line_1_3' title="bbox 108 614 1245 707; baseline -0.003 -20"><span class='ocrx_word' id='word_1_19' title='bbox 108 638 243 705; x_wconf 72' lang='lat' dir='ltr'><strong>causae,</strong></span> <span class='ocrx_word' id='word_1_20' title='bbox 268 620 437 687; x_wconf 89' lang='lat' dir='ltr'><strong>secundnm</strong></span> <span class='ocrx_word' id='word_1_21' title='bbox 460 618 543 707; x_wconf 76' lang='lat' dir='ltr'><strong>ipuod</strong></span> <span class='ocrx_word' id='word_1_22' title='bbox 566 618 625 686; x_wconf 87' lang='lat' dir='ltr'><strong>lios</strong></span> <span class='ocrx_word' id='word_1_23' title='bbox 646 615 825 707; x_wconf 76' lang='lat' dir='ltr'>producitur</span> <span class='ocrx_word' id='word_1_24' title='bbox 848 617 879 687; x_wconf 91' lang='lat' dir='ltr'><strong>in</strong></span> <span class='ocrx_word' id='word_1_25' title='bbox 901 618 1023 705; x_wconf 83' lang='lat' dir='ltr'><strong>effectu,</strong></span> <span class='ocrx_word' id='word_1_26' title='bbox 1047 617 1129 707; x_wconf 82' lang='lat' dir='ltr'><strong>quod</strong></span> <span class='ocrx_word' id='word_1_27' title='bbox 1149 626 1197 686; x_wconf 99' lang='grc' dir='ltr'><strong>εει</strong></span> <span class='ocrx_word' id='word_1_28' title='bbox 1212 614 1245 684; x_wconf 90' lang='lat' dir='ltr'><strong>iu</strong></span> 
     </span>
     <span class='ocr_line' id='line_1_4' title="bbox 124 718 1243 811; baseline -0.001 -27"><span class='ocrx_word' id='word_1_29' title='bbox 124 721 290 790; x_wconf 85' lang='lat' dir='ltr'><strong>valuutatis</strong></span> <span class='ocrx_word' id='word_1_30' title='bbox 312 720 519 810; x_wconf 75' lang='lat' dir='ltr'><strong>dispositione,</strong></span> <span class='ocrx_word' id='word_1_31' title='bbox 537 731 571 789; x_wconf 92' lang='lat' dir='ltr'><strong>ut</strong></span> <span class='ocrx_word' id='word_1_32' title='bbox 593 731 672 810; x_wconf 88' lang='lat' dir='ltr'><strong>putet</strong></span> <span class='ocrx_word' id='word_1_33' title='bbox 686 722 724 789; x_wconf 87' lang='lat' dir='ltr'><strong>de</strong></span> <span class='ocrx_word' id='word_1_34' title='bbox 739 719 895 790; x_wconf 83' lang='lat' dir='ltr'><strong>artificiale</strong></span> <span class='ocrx_word' id='word_1_35' title='bbox 919 729 1057 811; x_wconf 86' lang='lat' dir='ltr'><strong>respectu</strong></span> <span class='ocrx_word' id='word_1_36' title='bbox 1072 718 1197 788; x_wconf 85' lang='lat' dir='ltr'><strong>artificis</strong></span> <span class='ocrx_word' id='word_1_37' title='bbox 1211 741 1224 784; x_wconf 85' lang='lat' dir='ltr'><strong>i</strong></span> <span class='ocrx_word' id='word_1_38' title='bbox 1233 739 1243 800; x_wconf 94' lang='lat'>;</span> 
     </span>
    </p>
   </div>
   <div class='ocr_carea' id='block_1_2' title="bbox 124 818 1356 910">
    <p class='ocr_par' dir='ltr' id='par_1_2' title="bbox 124 818 1356 910">
     <span class='ocr_line' id='line_1_5' title="bbox 124 818 1356 910; baseline -0.002 -21"><span class='ocrx_word' id='word_1_39' title='bbox 124 820 277 909; x_wconf 83' lang='lat' dir='ltr'><strong>siquidem</strong></span> <span class='ocrx_word' id='word_1_40' title='bbox 305 845 320 887; x_wconf 81' lang='lat' dir='ltr'><strong>v</strong></span> <span class='ocrx_word' id='word_1_41' title='bbox 345 822 500 893; x_wconf 80' lang='lat' dir='ltr'><strong>artificiola</strong></span> <span class='ocrx_word' id='word_1_42' title='bbox 534 823 709 893; x_wconf 88' lang='lat' dir='ltr'><strong>similantur</strong></span> <span class='ocrx_word' id='word_1_43' title='bbox 735 820 868 907; x_wconf 87' lang='lat' dir='ltr'><strong>artilici,</strong></span> <span class='ocrx_word' id='word_1_44' title='bbox 900 821 932 889; x_wconf 94' lang='lat' dir='ltr'><strong>in</strong></span> <span class='ocrx_word' id='word_1_45' title='bbox 966 829 1118 910; x_wconf 87' lang='lat' dir='ltr'><strong>quantum</strong></span> <span class='ocrx_word' id='word_1_46' title='bbox 1147 818 1246 889; x_wconf 86' lang='lat' dir='ltr'><strong>ineis</strong></span> <span class='ocrx_word' id='word_1_47' title='bbox 1349 843 1356 857; x_wconf 82' lang='lat'>·</span> 
     </span>
    </p>
   </div>
   <div class='ocr_carea' id='block_1_3' title="bbox 118 921 1336 2647">
    <p class='ocr_par' dir='ltr' id='par_1_3' title="bbox 118 921 1336 2647">
     <span class='ocr_line' id='line_1_6' title="bbox 120 921 1244 1011; baseline 0.001 -21"><span class='ocrx_word' id='word_1_48' title='bbox 120 923 309 1011; x_wconf 74' lang='lat' dir='ltr'><strong>exprimitur</strong></span> <span class='ocrx_word' id='word_1_49' title='bbox 332 924 430 993; x_wconf 81' lang='lat' dir='ltr'><strong>forma</strong></span> <span class='ocrx_word' id='word_1_50' title='bbox 453 925 546 1003; x_wconf 83' lang='lat' dir='ltr'><strong>aitis,</strong></span> <span class='ocrx_word' id='word_1_51' title='bbox 570 935 601 992; x_wconf 88' lang='lat' dir='ltr'><strong>et</strong></span> <span class='ocrx_word' id='word_1_52' title='bbox 624 923 794 990; x_wconf 80' lang='lat' dir='ltr'><strong>ostenditur</strong></span> <span class='ocrx_word' id='word_1_53' title='bbox 817 925 957 991; x_wconf 87' lang='lat' dir='ltr'><strong>voluntas</strong></span> <span class='ocrx_word' id='word_1_54' title='bbox 980 922 1102 993; x_wconf 84' lang='lat' dir='ltr'><strong>artificis</strong></span> <span class='ocrx_word' id='word_1_55' title='bbox 1132 921 1170 991; x_wconf 92' lang='lat' dir='ltr'><strong>de</strong></span> <span class='ocrx_word' id='word_1_56' title='bbox 1191 941 1244 992; x_wconf 86' lang='lat' dir='ltr'><strong>eo-</strong></span> 
     </span>
     <span class='ocr_line' id='line_1_7' title="bbox 123 1021 1248 1112; baseline -0.002 -19"><span class='ocrx_word' id='word_1_57' title='bbox 123 1046 198 1093; x_wconf 89' lang='lat' dir='ltr'><strong>rum</strong></span> <span class='ocrx_word' id='word_1_58' title='bbox 222 1025 438 1095; x_wconf 81' lang='lat' dir='ltr'><strong>constitutione</strong></span> <span class='ocrx_word' id='word_1_59' title='bbox 456 1025 503 1094; x_wconf 69' lang='grc' dir='ltr'><strong>ἰ.</strong></span> <span class='ocrx_word' id='word_1_60' title='bbox 523 1024 699 1112; x_wconf 70' lang='lat' dir='ltr'><strong>[lenimen</strong></span> <span class='ocrx_word' id='word_1_61' title='bbox 719 1023 787 1092; x_wconf 89' lang='lat' dir='ltr'><strong>licet</strong></span> <span class='ocrx_word' id='word_1_62' title='bbox 802 1025 899 1094; x_wconf 82' lang='lat' dir='ltr'>Causa</span> <span class='ocrx_word' id='word_1_63' title='bbox 924 1025 1021 1112; x_wconf 86' lang='lat' dir='ltr'><strong>prima</strong></span> <span class='ocrx_word' id='word_1_64' title='bbox 1044 1022 1177 1111; x_wconf 77' lang='lat' dir='ltr'><strong>maxime</strong></span> <span class='ocrx_word' id='word_1_65' title='bbox 1199 1021 1248 1091; x_wconf 91' lang='lat' dir='ltr'><strong>iu·</strong></span> 
     </span>
     <span class='ocr_line' id='line_1_8' title="bbox 120 1125 1246 1216; baseline 0.001 -24"><span class='ocrx_word' id='word_1_66' title='bbox 120 1126 202 1193; x_wconf 82' lang='lat' dir='ltr'><strong>fluat</strong></span> <span class='ocrx_word' id='word_1_67' title='bbox 224 1125 256 1195; x_wconf 93' lang='lat' dir='ltr'><strong>in</strong></span> <span class='ocrx_word' id='word_1_68' title='bbox 277 1128 433 1214; x_wconf 81' lang='lat' dir='ltr'><strong>ellectum,</strong></span> <span class='ocrx_word' id='word_1_69' title='bbox 459 1137 560 1195; x_wconf 91' lang='lat' dir='ltr'><strong>tamen</strong></span> <span class='ocrx_word' id='word_1_70' title='bbox 582 1129 648 1195; x_wconf 88' lang='lat' dir='ltr'><strong>eius</strong></span> <span class='ocrx_word' id='word_1_71' title='bbox 678 1125 834 1194; x_wconf 86' lang='lat' dir='ltr'><strong>influentia</strong></span> <span class='ocrx_word' id='word_1_72' title='bbox 860 1148 912 1216; x_wconf 81' lang='lat' dir='ltr'><strong>pei·</strong></span> <span class='ocrx_word' id='word_1_73' title='bbox 927 1146 1049 1197; x_wconf 87' lang='lat' dir='ltr'><strong>sansoni</strong></span> <span class='ocrx_word' id='word_1_74' title='bbox 1077 1126 1246 1216; x_wconf 84' lang='lat' dir='ltr'><strong>proximam</strong></span> 
     </span>
     <span class='ocr_line' id='line_1_9' title="bbox 121 1225 1244 1310; baseline 0 -17"><span class='ocrx_word' id='word_1_75' title='bbox 121 1226 357 1310; x_wconf 70' lang='lat' dir='ltr'><strong>determinatum</strong></span> <span class='ocrx_word' id='word_1_76' title='bbox 382 1239 412 1297; x_wconf 90' lang='lat' dir='ltr'><strong>et</strong></span> <span class='ocrx_word' id='word_1_77' title='bbox 435 1230 503 1298; x_wconf 91' lang='lat' dir='ltr'><strong>ideo</strong></span> <span class='ocrx_word' id='word_1_78' title='bbox 525 1227 591 1297; x_wconf 90' lang='lat' dir='ltr'><strong>eius</strong></span> <span class='ocrx_word' id='word_1_79' title='bbox 613 1227 843 1298; x_wconf 88' lang='lat' dir='ltr'><strong>similitudinem</strong></span> <span class='ocrx_word' id='word_1_80' title='bbox 868 1226 1009 1295; x_wconf 89' lang='lat' dir='ltr'><strong>imitatur</strong></span> <span class='ocrx_word' id='word_1_81' title='bbox 1029 1227 1155 1302; x_wconf 78' lang='lat' dir='ltr'><strong>allectus</strong></span> <span class='ocrx_word' id='word_1_82' title='bbox 1179 1225 1194 1265; x_wconf 85' lang='lat'>²</span> <span class='ocrx_word' id='word_1_83' title='bbox 1213 1251 1244 1294; x_wconf 82' lang='lat' dir='ltr'><strong>n.</strong></span> 
     </span>
     <span class='ocr_line' id='line_1_10' title="bbox 129 1327 1248 1417; baseline 0.001 -21"><span class='ocrx_word' id='word_1_84' title='bbox 129 1372 132 1377; x_wconf 91' lang='grc'>-</span> <span class='ocrx_word' id='word_1_85' title='bbox 176 1327 254 1397; x_wconf 85' lang='lat' dir='ltr'><strong>xvi.</strong></span> <span class='ocrx_word' id='word_1_86' title='bbox 280 1328 420 1400; x_wconf 81' lang='lat' dir='ltr'><strong>Sinntnx</strong></span> <span class='ocrx_word' id='word_1_87' title='bbox 445 1350 509 1400; x_wconf 85' lang='lat' dir='ltr'><strong>uox</strong></span> <span class='ocrx_word' id='word_1_88' title='bbox 534 1349 657 1400; x_wconf 83' lang='lat' dir='ltr'><strong>novasr</strong></span> <span class='ocrx_word' id='word_1_89' title='bbox 681 1348 795 1398; x_wconf 80' lang='lat' dir='ltr'><strong>nivini.</strong></span> <span class='ocrx_word' id='word_1_90' title='bbox 828 1327 896 1396; x_wconf 91' lang='lat' dir='ltr'><strong>Nun</strong></span> <span class='ocrx_word' id='word_1_91' title='bbox 921 1336 1020 1417; x_wconf 87' lang='lat' dir='ltr'><strong>potest</strong></span> <span class='ocrx_word' id='word_1_92' title='bbox 1034 1328 1158 1417; x_wconf 83' lang='lat' dir='ltr'><strong>quidem</strong></span> <span class='ocrx_word' id='word_1_93' title='bbox 1172 1328 1248 1397; x_wconf 92' lang='lat' dir='ltr'><strong>divi·</strong></span> 
     </span>
     <span class='ocr_line' id='line_1_11' title="bbox 123 1427 1248 1522; baseline 0.003 -23"><span class='ocrx_word' id='word_1_94' title='bbox 123 1427 159 1499; x_wconf 89' lang='lat' dir='ltr'><strong>di</strong></span> <span class='ocrx_word' id='word_1_95' title='bbox 185 1429 216 1498; x_wconf 94' lang='lat' dir='ltr'><strong>in</strong></span> <span class='ocrx_word' id='word_1_96' title='bbox 239 1442 337 1521; x_wconf 86' lang='lat' dir='ltr'><strong>partes</strong></span> <span class='ocrx_word' id='word_1_97' title='bbox 358 1433 526 1500; x_wconf 76' lang='lat' dir='ltr'><strong>essentiales</strong></span> <span class='ocrx_word' id='word_1_98' title='bbox 553 1441 584 1500; x_wconf 90' lang='lat' dir='ltr'><strong>et.</strong></span> <span class='ocrx_word' id='word_1_99' title='bbox 605 1431 779 1521; x_wconf 80' lang='lat' dir='ltr'><strong>iideprules,</strong></span> <span class='ocrx_word' id='word_1_100' title='bbox 802 1441 833 1498; x_wconf 91' lang='lat' dir='ltr'><strong>at</strong></span> <span class='ocrx_word' id='word_1_101' title='bbox 857 1440 956 1522; x_wconf 87' lang='lat' dir='ltr'><strong>potest</strong></span> <span class='ocrx_word' id='word_1_102' title='bbox 977 1430 1068 1500; x_wconf 88' lang='lat' dir='ltr'><strong>dividi</strong></span> <span class='ocrx_word' id='word_1_103' title='bbox 1094 1432 1125 1502; x_wconf 90' lang='lat' dir='ltr'><strong>in</strong></span> <span class='ocrx_word' id='word_1_104' title='bbox 1150 1442 1248 1521; x_wconf 88' lang='lat' dir='ltr'><strong>partes</strong></span> 
     </span>
     <span class='ocr_line' id='line_1_12' title="bbox 118 1531 1249 1626; baseline 0 -25"><span class='ocrx_word' id='word_1_105' title='bbox 118 1531 315 1620; x_wconf 77' lang='lat' dir='ltr'><strong>stiliedious,</strong></span> <span class='ocrx_word' id='word_1_106' title='bbox 338 1533 401 1602; x_wconf 89' lang='lat' dir='ltr'><strong>sive</strong></span> <span class='ocrx_word' id='word_1_107' title='bbox 423 1534 561 1626; x_wconf 87' lang='lat' dir='ltr'><strong>species,</strong></span> <span class='ocrx_word' id='word_1_108' title='bbox 590 1546 621 1603; x_wconf 88' lang='lat' dir='ltr'><strong>et</strong></span> <span class='ocrx_word' id='word_1_109' title='bbox 646 1535 801 1603; x_wconf 81' lang='lat' dir='ltr'><strong>interiora.</strong></span> <span class='ocrx_word' id='word_1_110' title='bbox 826 1534 931 1612; x_wconf 86' lang='lat' dir='ltr'><strong>Genus</strong></span> <span class='ocrx_word' id='word_1_111' title='bbox 954 1533 1036 1602; x_wconf 89' lang='lat' dir='ltr'><strong>enim</strong></span> <span class='ocrx_word' id='word_1_112' title='bbox 1060 1532 1249 1625; x_wconf 81' lang='lat' dir='ltr'><strong>generalissi-</strong></span> 
     </span>
     <span class='ocr_line' id='line_1_13' title="bbox 124 1634 1248 1724; baseline 0.003 -23"><span class='ocrx_word' id='word_1_113' title='bbox 124 1653 232 1722; x_wconf 84' lang='lat' dir='ltr'><strong>mum,</strong></span> <span class='ocrx_word' id='word_1_114' title='bbox 250 1634 304 1704; x_wconf 89' lang='lat' dir='ltr'><strong>etsi</strong></span> <span class='ocrx_word' id='word_1_115' title='bbox 327 1655 383 1704; x_wconf 87' lang='lat' dir='ltr'><strong>nee</strong></span> <span class='ocrx_word' id='word_1_116' title='bbox 405 1656 504 1724; x_wconf 79' lang='lat' dir='ltr'><strong>genus</strong></span> <span class='ocrx_word' id='word_1_117' title='bbox 525 1646 557 1705; x_wconf 91' lang='lat' dir='ltr'><strong>et</strong></span> <span class='ocrx_word' id='word_1_118' title='bbox 577 1635 788 1721; x_wconf 81' lang='lat' dir='ltr'><strong>differentiam,</strong></span> <span class='ocrx_word' id='word_1_119' title='bbox 814 1655 869 1705; x_wconf 90' lang='lat' dir='ltr'><strong>nes</strong></span> <span class='ocrx_word' id='word_1_120' title='bbox 893 1635 1049 1704; x_wconf 87' lang='lat' dir='ltr'><strong>materiam</strong></span> <span class='ocrx_word' id='word_1_121' title='bbox 1069 1647 1100 1706; x_wconf 91' lang='lat' dir='ltr'><strong>et</strong></span> <span class='ocrx_word' id='word_1_122' title='bbox 1116 1634 1248 1705; x_wconf 84' lang='lat' dir='ltr'><strong>sormam</strong></span> 
     </span>
     <span class='ocr_line' id='line_1_14' title="bbox 124 1731 1250 1828; baseline 0.003 -23"><span class='ocrx_word' id='word_1_123' title='bbox 124 1736 277 1825; x_wconf 83' lang='lat' dir='ltr'><strong>admittat,</strong></span> <span class='ocrx_word' id='word_1_124' title='bbox 301 1738 429 1828; x_wconf 77' lang='lat' dir='ltr'><strong>ideoque</strong></span> <span class='ocrx_word' id='word_1_125' title='bbox 451 1731 580 1807; x_wconf 88' lang='lat' dir='ltr'><strong>omnino</strong></span> <span class='ocrx_word' id='word_1_126' title='bbox 595 1734 640 1805; x_wconf 81' lang='lat' dir='ltr'><strong>¹sit</strong></span> <span class='ocrx_word' id='word_1_127' title='bbox 664 1738 810 1826; x_wconf 88' lang='lat' dir='ltr'><strong>simplex:</strong></span> <span class='ocrx_word' id='word_1_128' title='bbox 837 1747 939 1805; x_wconf 89' lang='lat' dir='ltr'><strong>tamen</strong></span> <span class='ocrx_word' id='word_1_129' title='bbox 963 1737 994 1806; x_wconf 92' lang='lat' dir='ltr'><strong>in</strong></span> <span class='ocrx_word' id='word_1_130' title='bbox 1017 1737 1153 1826; x_wconf 87' lang='lat' dir='ltr'><strong>speeies,</strong></span> <span class='ocrx_word' id='word_1_131' title='bbox 1171 1757 1250 1826; x_wconf 84' lang='lat' dir='ltr'><strong>quas</strong></span> 
     </span>
     <span class='ocr_line' id='line_1_15' title="bbox 121 1838 1247 1928; baseline 0.001 -21"><span class='ocrx_word' id='word_1_132' title='bbox 121 1838 182 1907; x_wconf 90' lang='lat' dir='ltr'><strong>sibi</strong></span> <span class='ocrx_word' id='word_1_133' title='bbox 205 1838 354 1912; x_wconf 86' lang='lat' dir='ltr'><strong>subiectas</strong></span> <span class='ocrx_word' id='word_1_134' title='bbox 376 1841 477 1928; x_wconf 86' lang='lat' dir='ltr'><strong>habet,</strong></span> <span class='ocrx_word' id='word_1_135' title='bbox 501 1839 680 1909; x_wconf 80' lang='lat' dir='ltr'><strong>distrahitur</strong></span> <span class='ocrx_word' id='word_1_136' title='bbox 704 1840 728 1907; x_wconf 84' lang='lat'><strong>³.</strong></span> <span class='ocrx_word' id='word_1_137' title='bbox 760 1839 837 1906; x_wconf 89' lang='lat' dir='ltr'><strong>Hinc</strong></span> <span class='ocrx_word' id='word_1_138' title='bbox 860 1839 1067 1928; x_wconf 80' lang='lat' dir='ltr'><strong>intelligitur,</strong></span> <span class='ocrx_word' id='word_1_139' title='bbox 1091 1839 1247 1928; x_wconf 86' lang='lat' dir='ltr'><strong>quomodo</strong></span> 
     </span>
     <span class='ocr_line' id='line_1_16' title="bbox 124 1940 1245 2030; baseline 0.003 -21"><span class='ocrx_word' id='word_1_140' title='bbox 124 1940 339 2030; x_wconf 84' lang='lat' dir='ltr'><strong>explicandum</strong></span> <span class='ocrx_word' id='word_1_141' title='bbox 360 1943 399 2014; x_wconf 88' lang='lat' dir='ltr'><strong>sit</strong></span> <span class='ocrx_word' id='word_1_142' title='bbox 414 1941 486 2010; x_wconf 91' lang='lat' dir='ltr'><strong>illud</strong></span> <span class='ocrx_word' id='word_1_143' title='bbox 504 1941 585 2010; x_wconf 89' lang='lat' dir='ltr'><strong>aliud</strong></span> <span class='ocrx_word' id='word_1_144' title='bbox 601 1941 739 2009; x_wconf 81' lang='lat' dir='ltr'><strong>effatum:</strong></span> <span class='ocrx_word' id='word_1_145' title='bbox 759 1940 929 2012; x_wconf 79' lang='lat' dir='ltr'><strong>Stiieiiutts</strong></span> <span class='ocrx_word' id='word_1_146' title='bbox 945 1959 1008 2018; x_wconf 83' lang='lat' dir='ltr'><strong>utto</strong></span> <span class='ocrx_word' id='word_1_147' title='bbox 1025 1960 1155 2018; x_wconf 76' lang='lat' dir='ltr'><strong>titonia</strong></span> <span class='ocrx_word' id='word_1_148' title='bbox 1173 1961 1245 2026; x_wconf 77' lang='lat' dir='ltr'><strong>sss,</strong></span> 
     </span>
     <span class='ocr_line' id='line_1_17' title="bbox 125 2042 1249 2131; baseline 0 -21"><span class='ocrx_word' id='word_1_149' title='bbox 125 2063 170 2112; x_wconf 80' lang='lat' dir='ltr'><strong>no</strong></span> <span class='ocrx_word' id='word_1_150' title='bbox 194 2063 228 2113; x_wconf 89' lang='lat' dir='ltr'><strong>in</strong></span> <span class='ocrx_word' id='word_1_151' title='bbox 251 2064 407 2118; x_wconf 82' lang='lat' dir='ltr'><strong>nnonians</strong></span> <span class='ocrx_word' id='word_1_152' title='bbox 431 2063 619 2115; x_wconf 86' lang='lat' dir='ltr'><strong>invaiiivun.</strong></span> <span class='ocrx_word' id='word_1_153' title='bbox 658 2066 672 2106; x_wconf 83' lang='lat' dir='ltr'><strong>i</strong></span> <span class='ocrx_word' id='word_1_154' title='bbox 700 2042 879 2130; x_wconf 84' lang='lat' dir='ltr'><strong>Dicendum,</strong></span> <span class='ocrx_word' id='word_1_155' title='bbox 904 2042 1015 2131; x_wconf 88' lang='lat' dir='ltr'><strong>inquit,</strong></span> <span class='ocrx_word' id='word_1_156' title='bbox 1040 2062 1067 2112; x_wconf 93' lang='grc' dir='ltr'><strong>ε.</strong></span> <span class='ocrx_word' id='word_1_157' title='bbox 1093 2042 1249 2112; x_wconf 89' lang='lat' dir='ltr'><strong>Bonaveu-</strong></span> 
     </span>
     <span class='ocr_line' id='line_1_18' title="bbox 126 2143 1250 2235; baseline 0.004 -26"><span class='ocrx_word' id='word_1_158' title='bbox 126 2152 208 2229; x_wconf 86' lang='lat' dir='ltr'><strong>tura,</strong></span> <span class='ocrx_word' id='word_1_159' title='bbox 232 2146 313 2234; x_wconf 83' lang='lat' dir='ltr'><strong>qood</strong></span> <span class='ocrx_word' id='word_1_160' title='bbox 337 2166 402 2216; x_wconf 88' lang='lat' dir='ltr'><strong>esse</strong></span> <span class='ocrx_word' id='word_1_161' title='bbox 424 2145 551 2234; x_wconf 82' lang='lat' dir='ltr'><strong>simplex</strong></span> <span class='ocrx_word' id='word_1_162' title='bbox 574 2156 620 2212; x_wconf 92' lang='lat' dir='ltr'><strong>est</strong></span> <span class='ocrx_word' id='word_1_163' title='bbox 640 2143 812 2234; x_wconf 67' lang='lat' dir='ltr'><strong>dupliciter,</strong></span> <span class='ocrx_word' id='word_1_164' title='bbox 828 2152 882 2210; x_wconf 87' lang='lat' dir='ltr'><strong>aut</strong></span> <span class='ocrx_word' id='word_1_165' title='bbox 898 2161 950 2232; x_wconf 93' lang='lat' dir='ltr'><strong>per</strong></span> <span class='ocrx_word' id='word_1_166' title='bbox 966 2143 1165 2230; x_wconf 77' lang='lat' dir='ltr'><strong>privationem</strong></span> <span class='ocrx_word' id='word_1_167' title='bbox 1181 2160 1250 2235; x_wconf 77' lang='lat' dir='ltr'><strong>par·-</strong></span> 
     </span>
     <span class='ocr_line' id='line_1_19' title="bbox 123 2245 1249 2337; baseline 0.004 -25"><span class='ocrx_word' id='word_1_168' title='bbox 123 2245 205 2313; x_wconf 90' lang='lat' dir='ltr'><strong>tium</strong></span> <span class='ocrx_word' id='word_1_169' title='bbox 228 2249 478 2337; x_wconf 76' lang='lat' dir='ltr'><strong>componentium</strong></span> <span class='ocrx_word' id='word_1_170' title='bbox 502 2248 621 2317; x_wconf 88' lang='lat' dir='ltr'><strong>inesse</strong></span> <span class='ocrx_word' id='word_1_171' title='bbox 644 2256 782 2334; x_wconf 86' lang='lat' dir='ltr'><strong>naturae,</strong></span> <span class='ocrx_word' id='word_1_172' title='bbox 806 2254 862 2314; x_wconf 88' lang='lat' dir='ltr'><strong>aut</strong></span> <span class='ocrx_word' id='word_1_173' title='bbox 884 2266 935 2334; x_wconf 87' lang='lat' dir='ltr'><strong>pei·</strong></span> <span class='ocrx_word' id='word_1_174' title='bbox 959 2245 1155 2335; x_wconf 77' lang='lat' dir='ltr'><strong>privationem</strong></span> <span class='ocrx_word' id='word_1_175' title='bbox 1180 2267 1249 2337; x_wconf 87' lang='lat' dir='ltr'><strong>par·</strong></span> 
     </span>
     <span class='ocr_line' id='line_1_20' title="bbox 125 2350 1336 2443; baseline 0.004 -26"><span class='ocrx_word' id='word_1_176' title='bbox 125 2350 209 2418; x_wconf 89' lang='lat' dir='ltr'><strong>tium</strong></span> <span class='ocrx_word' id='word_1_177' title='bbox 231 2353 481 2443; x_wconf 87' lang='lat' dir='ltr'><strong>componentium</strong></span> <span class='ocrx_word' id='word_1_178' title='bbox 505 2355 625 2422; x_wconf 89' lang='lat' dir='ltr'><strong>inesse</strong></span> <span class='ocrx_word' id='word_1_179' title='bbox 655 2350 810 2438; x_wconf 85' lang='lat' dir='ltr'><strong>diffinito,</strong></span> <span class='ocrx_word' id='word_1_180' title='bbox 835 2350 950 2420; x_wconf 90' lang='lat' dir='ltr'><strong>sivein</strong></span> <span class='ocrx_word' id='word_1_181' title='bbox 973 2372 1094 2440; x_wconf 82' lang='lat' dir='ltr'><strong>genere.</strong></span> <span class='ocrx_word' id='word_1_182' title='bbox 1120 2352 1250 2432; x_wconf 82' lang='lat' dir='ltr'><strong>Quando</strong></span> <span class='ocrx_word' id='word_1_183' title='bbox 1334 2375 1336 2379; x_wconf 89' lang='lat'>·</span> 
     </span>
     <span class='ocr_line' id='line_1_21' title="bbox 124 2452 1245 2547; baseline -0.002 -24"><span class='ocrx_word' id='word_1_184' title='bbox 124 2474 203 2543; x_wconf 81' lang='lat' dir='ltr'><strong>ergo</strong></span> <span class='ocrx_word' id='word_1_185' title='bbox 224 2455 355 2544; x_wconf 88' lang='lat' dir='ltr'><strong>dieitur,</strong></span> <span class='ocrx_word' id='word_1_186' title='bbox 379 2458 462 2547; x_wconf 82' lang='lat' dir='ltr'><strong>quod</strong></span> <span class='ocrx_word' id='word_1_187' title='bbox 485 2467 601 2545; x_wconf 85' lang='lat' dir='ltr'><strong>quantu</strong></span> <span class='ocrx_word' id='word_1_188' title='bbox 623 2453 738 2543; x_wconf 84' lang='lat' dir='ltr'><strong>aliquid</strong></span> <span class='ocrx_word' id='word_1_189' title='bbox 762 2452 957 2544; x_wconf 88' lang='lat' dir='ltr'><strong>simplicius,</strong></span> <span class='ocrx_word' id='word_1_190' title='bbox 984 2463 1070 2525; x_wconf 86' lang='lat' dir='ltr'><strong>tantu</strong></span> <span class='ocrx_word' id='word_1_191' title='bbox 1095 2452 1127 2523; x_wconf 93' lang='lat' dir='ltr'><strong>in</strong></span> <span class='ocrx_word' id='word_1_192' title='bbox 1152 2453 1245 2545; x_wconf 90' lang='lat' dir='ltr'><strong>pluri·</strong></span> 
     </span>
     <span class='ocr_line' id='line_1_22' title="bbox 126 2554 1250 2647; baseline 0.002 -24"><span class='ocrx_word' id='word_1_193' title='bbox 126 2556 200 2646; x_wconf 75' lang='lat' dir='ltr'><strong>linx,</strong></span> <span class='ocrx_word' id='word_1_194' title='bbox 224 2560 283 2626; x_wconf 89' lang='lat' dir='ltr'><strong>hoe</strong></span> <span class='ocrx_word' id='word_1_195' title='bbox 303 2559 414 2628; x_wconf 89' lang='lat' dir='ltr'><strong>dieitur</strong></span> <span class='ocrx_word' id='word_1_196' title='bbox 435 2561 473 2629; x_wconf 90' lang='lat' dir='ltr'><strong>de</strong></span> <span class='ocrx_word' id='word_1_197' title='bbox 495 2556 688 2647; x_wconf 81' lang='lat' dir='ltr'><strong>simplicitate</strong></span> <span class='ocrx_word' id='word_1_198' title='bbox 715 2554 850 2625; x_wconf 86' lang='lat' dir='ltr'><strong>seeundo</strong></span> <span class='ocrx_word' id='word_1_199' title='bbox 874 2554 993 2641; x_wconf 89' lang='lat' dir='ltr'><strong>iuudu,</strong></span> <span class='ocrx_word' id='word_1_200' title='bbox 1017 2576 1112 2644; x_wconf 84' lang='lat' dir='ltr'><strong>quam</strong></span> <span class='ocrx_word' id='word_1_201' title='bbox 1135 2555 1250 2626; x_wconf 85' lang='lat' dir='ltr'><strong>scilieet</strong></span> 
     </span>
    </p>
   </div>
   <div class='ocr_carea' id='block_1_4' title="bbox 127 2655 1251 3158">
    <p class='ocr_par' dir='ltr' id='par_1_4' title="bbox 129 2655 1249 2853">
     <span class='ocr_line' id='line_1_23' title="bbox 132 2655 1249 2753; baseline -0.004 -24"><span class='ocrx_word' id='word_1_202' title='bbox 132 2661 224 2731; x_wconf 86' lang='lat' dir='ltr'><strong>trahet</strong></span> <span class='ocrx_word' id='word_1_203' title='bbox 247 2685 345 2752; x_wconf 81' lang='lat' dir='ltr'><strong>genus</strong></span> <span class='ocrx_word' id='word_1_204' title='bbox 383 2673 518 2753; x_wconf 82' lang='lat' dir='ltr'><strong>respectu</strong></span> <span class='ocrx_word' id='word_1_205' title='bbox 547 2659 678 2750; x_wconf 86' lang='lat' dir='ltr'><strong>speciei,</strong></span> <span class='ocrx_word' id='word_1_206' title='bbox 717 2668 749 2728; x_wconf 94' lang='grc' dir='ltr'><strong>ει</strong></span> <span class='ocrx_word' id='word_1_207' title='bbox 770 2657 838 2726; x_wconf 87' lang='lat' dir='ltr'><strong>ideo</strong></span> <span class='ocrx_word' id='word_1_208' title='bbox 860 2656 894 2725; x_wconf 92' lang='lat' dir='ltr'><strong>in</strong></span> <span class='ocrx_word' id='word_1_209' title='bbox 917 2655 1060 2748; x_wconf 88' lang='lat' dir='ltr'><strong>pluribus</strong></span> <span class='ocrx_word' id='word_1_210' title='bbox 1087 2657 1249 2748; x_wconf 71' lang='lat' dir='ltr'><strong>reperitur,</strong></span> 
     </span>
     <span class='ocr_line' id='line_1_24' title="bbox 129 2760 1037 2853; baseline -0.004 -22"><span class='ocrx_word' id='word_1_211' title='bbox 129 2782 223 2853; x_wconf 76' lang='lat' dir='ltr'><strong>(poam</strong></span> <span class='ocrx_word' id='word_1_212' title='bbox 247 2763 362 2853; x_wconf 86' lang='lat' dir='ltr'><strong>species</strong></span> <span class='ocrx_word' id='word_1_213' title='bbox 385 2765 399 2803; x_wconf 78' lang='lat'>⁴</span> <span class='ocrx_word' id='word_1_214' title='bbox 426 2788 456 2830; x_wconf 85' lang='lat' dir='ltr'><strong>n.</strong></span> <span class='ocrx_word' id='word_1_215' title='bbox 1035 2760 1037 2764; x_wconf 74' lang='grc'><em>’</em></span> 
     </span>
    </p>

    <p class='ocr_par' dir='ltr' id='par_1_5' title="bbox 127 2859 1251 3158">
     <span class='ocr_line' id='line_1_25' title="bbox 175 2859 1249 2950; baseline -0.004 -18"><span class='ocrx_word' id='word_1_216' title='bbox 175 2863 267 2934; x_wconf 86' lang='lat' dir='ltr'><strong>xvii.</strong></span> <span class='ocrx_word' id='word_1_217' title='bbox 294 2866 477 2936; x_wconf 83' lang='lat' dir='ltr'><strong>Sinrtiaius</strong></span> <span class='ocrx_word' id='word_1_218' title='bbox 503 2887 563 2936; x_wconf 84' lang='lat' dir='ltr'><strong>ass</strong></span> <span class='ocrx_word' id='word_1_219' title='bbox 588 2882 776 2935; x_wconf 85' lang='lat' dir='ltr'><strong>roranvins.</strong></span> <span class='ocrx_word' id='word_1_220' title='bbox 803 2859 933 2947; x_wconf 80' lang='lat' dir='ltr'><strong>Scilicet,</strong></span> <span class='ocrx_word' id='word_1_221' title='bbox 962 2869 1112 2950; x_wconf 82' lang='lat' dir='ltr'><strong>iqiinnto</strong></span> <span class='ocrx_word' id='word_1_222' title='bbox 1135 2859 1249 2950; x_wconf 88' lang='lat' dir='ltr'><strong>aliquid</strong></span> 
     </span>
     <span class='ocr_line' id='line_1_26' title="bbox 127 2962 1249 3059; baseline -0.007 -22"><span class='ocrx_word' id='word_1_223' title='bbox 127 2977 178 3038; x_wconf 91' lang='lat' dir='ltr'><strong>est</strong></span> <span class='ocrx_word' id='word_1_224' title='bbox 201 2969 297 3056; x_wconf 83' lang='lat' dir='ltr'><strong>magis</strong></span> <span class='ocrx_word' id='word_1_225' title='bbox 321 2969 474 3059; x_wconf 86' lang='lat' dir='ltr'><strong>simplex,</strong></span> <span class='ocrx_word' id='word_1_226' title='bbox 505 2979 592 3036; x_wconf 91' lang='lat' dir='ltr'><strong>tantu</strong></span> <span class='ocrx_word' id='word_1_227' title='bbox 618 2977 665 3037; x_wconf 89' lang='grc' dir='ltr'><strong>εει</strong></span> <span class='ocrx_word' id='word_1_228' title='bbox 688 2963 814 3034; x_wconf 86' lang='lat' dir='ltr'><strong>maioris</strong></span> <span class='ocrx_word' id='word_1_229' title='bbox 839 2962 985 3050; x_wconf 89' lang='lat' dir='ltr'><strong>virtutis,</strong></span> <span class='ocrx_word' id='word_1_230' title='bbox 1010 2973 1041 3031; x_wconf 92' lang='lat' dir='ltr'><strong>et</strong></span> <span class='ocrx_word' id='word_1_231' title='bbox 1065 2963 1249 3051; x_wconf 86' lang='lat' dir='ltr'><strong>principium</strong></span> 
     </span>
     <span class='ocr_line' id='line_1_27' title="bbox 129 3063 1251 3158; baseline -0.005 -22"><span class='ocrx_word' id='word_1_232' title='bbox 129 3070 265 3158; x_wconf 88' lang='lat' dir='ltr'><strong>plurium</strong></span> <span class='ocrx_word' id='word_1_233' title='bbox 291 3123 300 3140; x_wconf 90' lang='lat'><strong>.</strong></span> <span class='ocrx_word' id='word_1_234' title='bbox 329 3123 337 3139; x_wconf 95' lang='lat'><strong>.</strong></span> <span class='ocrx_word' id='word_1_235' title='bbox 364 3070 494 3157; x_wconf 85' lang='lat' dir='ltr'><strong>.,sieut</strong></span> <span class='ocrx_word' id='word_1_236' title='bbox 518 3079 666 3158; x_wconf 84' lang='lat' dir='ltr'><strong>punctam</strong></span> <span class='ocrx_word' id='word_1_237' title='bbox 690 3067 826 3156; x_wconf 86' lang='lat' dir='ltr'><strong>plurium</strong></span> <span class='ocrx_word' id='word_1_238' title='bbox 855 3075 901 3133; x_wconf 88' lang='lat' dir='ltr'><strong>est</strong></span> <span class='ocrx_word' id='word_1_239' title='bbox 926 3063 1132 3154; x_wconf 86' lang='lat' dir='ltr'><strong>principium,</strong></span> <span class='ocrx_word' id='word_1_240' title='bbox 1156 3083 1251 3152; x_wconf 83' lang='lat' dir='ltr'><strong>quarn</strong></span> 
     </span>
    </p>
   </div>
   <div class='ocr_carea' id='block_1_5' title="bbox 128 3163 1252 3460">
    <p class='ocr_par' dir='ltr' id='par_1_6' title="bbox 128 3163 1252 3460">
     <span class='ocr_line' id='line_1_28' title="bbox 128 3163 1247 3262; baseline -0.007 -22"><span class='ocrx_word' id='word_1_241' title='bbox 128 3174 219 3261; x_wconf 91' lang='lat' dir='ltr'><strong>linea,</strong></span> <span class='ocrx_word' id='word_1_242' title='bbox 243 3185 274 3242; x_wconf 91' lang='grc' dir='ltr'><strong>ει</strong></span> <span class='ocrx_word' id='word_1_243' title='bbox 297 3174 386 3260; x_wconf 89' lang='lat' dir='ltr'><strong>linea,</strong></span> <span class='ocrx_word' id='word_1_244' title='bbox 410 3195 503 3262; x_wconf 84' lang='lat' dir='ltr'><strong>quam</strong></span> <span class='ocrx_word' id='word_1_245' title='bbox 526 3172 729 3261; x_wconf 69' lang='grc' dir='ltr'><strong>ειιρεειίεῑεε5</strong></span> <span class='ocrx_word' id='word_1_246' title='bbox 750 3195 779 3239; x_wconf 85' lang='lat' dir='ltr'><strong>n.</strong></span> <span class='ocrx_word' id='word_1_247' title='bbox 806 3169 844 3235; x_wconf 84' lang='lat' dir='ltr'><strong>Et</strong></span> <span class='ocrx_word' id='word_1_248' title='bbox 860 3188 941 3236; x_wconf 82' lang='lat' dir='ltr'><strong>sane</strong></span> <span class='ocrx_word' id='word_1_249' title='bbox 959 3191 974 3233; x_wconf 81' lang='lat' dir='ltr'><strong>v</strong></span> <span class='ocrx_word' id='word_1_250' title='bbox 992 3170 1108 3256; x_wconf 85' lang='lat' dir='ltr'><strong>quanto</strong></span> <span class='ocrx_word' id='word_1_251' title='bbox 1130 3163 1247 3253; x_wconf 75' lang='lat' dir='ltr'><strong>aliquid</strong></span> 
     </span>
     <span class='ocr_line' id='line_1_29' title="bbox 128 3267 1250 3364; baseline -0.011 -19"><span class='ocrx_word' id='word_1_252' title='bbox 128 3287 179 3345; x_wconf 89' lang='lat' dir='ltr'><strong>est</strong></span> <span class='ocrx_word' id='word_1_253' title='bbox 201 3275 381 3364; x_wconf 85' lang='lat' dir='ltr'><strong>simplicius,</strong></span> <span class='ocrx_word' id='word_1_254' title='bbox 408 3286 491 3342; x_wconf 86' lang='lat' dir='ltr'><strong>tanto</strong></span> <span class='ocrx_word' id='word_1_255' title='bbox 515 3273 611 3341; x_wconf 90' lang='lat' dir='ltr'><strong>virtus</strong></span> <span class='ocrx_word' id='word_1_256' title='bbox 638 3283 684 3342; x_wconf 87' lang='lat' dir='ltr'><strong>est</strong></span> <span class='ocrx_word' id='word_1_257' title='bbox 706 3273 809 3340; x_wconf 88' lang='lat' dir='ltr'><strong>minus</strong></span> <span class='ocrx_word' id='word_1_258' title='bbox 833 3269 973 3352; x_wconf 89' lang='lat' dir='ltr'><strong>limitata;</strong></span> <span class='ocrx_word' id='word_1_259' title='bbox 998 3268 1081 3339; x_wconf 90' lang='lat' dir='ltr'><strong>unde</strong></span> <span class='ocrx_word' id='word_1_260' title='bbox 1102 3268 1139 3337; x_wconf 89' lang='lat' dir='ltr'><strong>ad</strong></span> <span class='ocrx_word' id='word_1_261' title='bbox 1164 3267 1250 3354; x_wconf 82' lang='lat' dir='ltr'><strong>plura</strong></span> 
     </span>
     <span class='ocr_line' id='line_1_30' title="bbox 131 3365 1252 3460; baseline -0.015 -11"><span class='ocrx_word' id='word_1_262' title='bbox 131 3399 166 3449; x_wconf 86' lang='lat' dir='ltr'><strong>se</strong></span> <span class='ocrx_word' id='word_1_263' title='bbox 188 3378 324 3448; x_wconf 85' lang='lat' dir='ltr'><strong>extendit</strong></span> <span class='ocrx_word' id='word_1_264' title='bbox 339 3399 394 3447; x_wconf 88' lang='lat' dir='ltr'><strong>soa</strong></span> <span class='ocrx_word' id='word_1_265' title='bbox 409 3377 579 3446; x_wconf 87' lang='lat' dir='ltr'><strong>causalitas.</strong></span> <span class='ocrx_word' id='word_1_266' title='bbox 599 3375 640 3443; x_wconf 76' lang='lat' dir='ltr'><strong>iti</strong></span> <span class='ocrx_word' id='word_1_267' title='bbox 654 3375 721 3443; x_wconf 90' lang='lat' dir='ltr'><strong>ideo</strong></span> <span class='ocrx_word' id='word_1_268' title='bbox 743 3373 775 3442; x_wconf 93' lang='lat' dir='ltr'><strong>in</strong></span> <span class='ocrx_word' id='word_1_269' title='bbox 792 3372 845 3442; x_wconf 90' lang='lat' dir='ltr'><strong>lib.</strong></span> <span class='ocrx_word' id='word_1_270' title='bbox 864 3372 910 3440; x_wconf 85' lang='lat' dir='ltr'><strong>De</strong></span> <span class='ocrx_word' id='word_1_271' title='bbox 931 3371 1049 3454; x_wconf 79' lang='lat' dir='ltr'><strong>Gensis,</strong></span> <span class='ocrx_word' id='word_1_272' title='bbox 1067 3390 1154 3460; x_wconf 88' lang='lat' dir='ltr'><strong>prop.</strong></span> <span class='ocrx_word' id='word_1_273' title='bbox 1174 3365 1252 3454; x_wconf 81' lang='lat' dir='ltr'><strong>tivi,</strong></span> 
     </span>
    </p>
   </div>
   <div class='ocr_carea' id='block_1_6' title="bbox 133 3585 1251 4272">
    <p class='ocr_par' dir='ltr' id='par_1_7' title="bbox 133 3585 1251 3840">
     <span class='ocr_line' id='line_1_31' title="bbox 170 3585 1244 3672; baseline -0.017 -14"><span class='ocrx_word' id='word_1_274' title='bbox 170 3598 193 3668; x_wconf 90' lang='lat'><strong>¹)</strong></span> <span class='ocrx_word' id='word_1_275' title='bbox 213 3599 265 3672; x_wconf 76' lang='lat' dir='ltr'><strong>Qu.</strong></span> <span class='ocrx_word' id='word_1_276' title='bbox 284 3600 396 3670; x_wconf 66' lang='lat' dir='ltr'><strong>dispe,</strong></span> <span class='ocrx_word' id='word_1_277' title='bbox 417 3599 458 3654; x_wconf 83' lang='lat' dir='ltr'><strong>De</strong></span> <span class='ocrx_word' id='word_1_278' title='bbox 479 3598 552 3665; x_wconf 78' lang='lat' dir='ltr'><strong>Pot„</strong></span> <span class='ocrx_word' id='word_1_279' title='bbox 571 3612 599 3666; x_wconf 84' lang='lat' dir='ltr'><strong>q.</strong></span> <span class='ocrx_word' id='word_1_280' title='bbox 621 3591 666 3662; x_wconf 88' lang='lat' dir='ltr'><strong>til,</strong></span> <span class='ocrx_word' id='word_1_281' title='bbox 685 3607 713 3648; x_wconf 88' lang='lat' dir='ltr'><strong>a.</strong></span> <span class='ocrx_word' id='word_1_282' title='bbox 736 3591 771 3649; x_wconf 82' lang='lat' dir='ltr'><strong>is</strong></span> <span class='ocrx_word' id='word_1_283' title='bbox 789 3591 825 3646; x_wconf 87' lang='lat' dir='ltr'><strong>ad</strong></span> <span class='ocrx_word' id='word_1_284' title='bbox 843 3589 872 3661; x_wconf 77' lang='lat'><strong>5,</strong></span> <span class='ocrx_word' id='word_1_285' title='bbox 893 3600 921 3646; x_wconf 87' lang='lat' dir='ltr'><strong>et</strong></span> <span class='ocrx_word' id='word_1_286' title='bbox 940 3605 969 3645; x_wconf 88' lang='lat' dir='ltr'><strong>a.</strong></span> <span class='ocrx_word' id='word_1_287' title='bbox 991 3586 1025 3644; x_wconf 88' lang='grc'><strong>17</strong></span> <span class='ocrx_word' id='word_1_288' title='bbox 1044 3586 1080 3643; x_wconf 86' lang='lat' dir='ltr'><strong>ad</strong></span> <span class='ocrx_word' id='word_1_289' title='bbox 1099 3585 1128 3643; x_wconf 84' lang='grc'><strong>6.</strong></span> <span class='ocrx_word' id='word_1_290' title='bbox 1149 3585 1244 3641; x_wconf 83' lang='lat' dir='ltr'><strong>Potest</strong></span> 
     </span>
     <span class='ocr_line' id='line_1_32' title="bbox 133 3673 1251 3752; baseline -0.013 -9"><span class='ocrx_word' id='word_1_291' title='bbox 133 3685 221 3743; x_wconf 79' lang='lat' dir='ltr'><strong>usiani</strong></span> <span class='ocrx_word' id='word_1_292' title='bbox 241 3690 296 3742; x_wconf 89' lang='lat' dir='ltr'><strong>tioe</strong></span> <span class='ocrx_word' id='word_1_293' title='bbox 315 3687 431 3741; x_wconf 77' lang='lat' dir='ltr'><strong>‹ffaiiim</strong></span> <span class='ocrx_word' id='word_1_294' title='bbox 451 3682 555 3752; x_wconf 86' lang='lat' dir='ltr'><strong>accipi,</strong></span> <span class='ocrx_word' id='word_1_295' title='bbox 574 3692 715 3751; x_wconf 76' lang='lat' dir='ltr'><strong>ariatenus</strong></span> <span class='ocrx_word' id='word_1_296' title='bbox 736 3680 847 3747; x_wconf 87' lang='lat' dir='ltr'><strong>modus,</strong></span> <span class='ocrx_word' id='word_1_297' title='bbox 862 3693 921 3749; x_wconf 85' lang='lat' dir='ltr'><strong>quo</strong></span> <span class='ocrx_word' id='word_1_298' title='bbox 938 3692 1029 3748; x_wconf 76' lang='lat' dir='ltr'><strong>agens</strong></span> <span class='ocrx_word' id='word_1_299' title='bbox 1041 3673 1251 3748; x_wconf 82' lang='lat' dir='ltr'><strong>operatui,ds·</strong></span> 
     </span>
     <span class='ocr_line' id='line_1_33' title="bbox 133 3762 985 3840; baseline -0.012 -12"><span class='ocrx_word' id='word_1_300' title='bbox 133 3773 182 3828; x_wconf 86' lang='lat' dir='ltr'><strong>het</strong></span> <span class='ocrx_word' id='word_1_301' title='bbox 200 3787 264 3829; x_wconf 84' lang='lat' dir='ltr'><strong>esse</strong></span> <span class='ocrx_word' id='word_1_302' title='bbox 282 3773 382 3828; x_wconf 86' lang='lat' dir='ltr'><strong>similis</strong></span> <span class='ocrx_word' id='word_1_303' title='bbox 402 3771 488 3840; x_wconf 89' lang='lat' dir='ltr'><strong>ipsius</strong></span> <span class='ocrx_word' id='word_1_304' title='bbox 508 3781 640 3834; x_wconf 86' lang='lat' dir='ltr'><strong>naturae,</strong></span> <span class='ocrx_word' id='word_1_305' title='bbox 660 3767 697 3820; x_wconf 85' lang='lat' dir='ltr'><strong>de</strong></span> <span class='ocrx_word' id='word_1_306' title='bbox 718 3781 775 3834; x_wconf 85' lang='lat' dir='ltr'><strong>quo</strong></span> <span class='ocrx_word' id='word_1_307' title='bbox 795 3764 853 3818; x_wconf 89' lang='lat' dir='ltr'><strong>vid.</strong></span> <span class='ocrx_word' id='word_1_308' title='bbox 873 3772 901 3837; x_wconf 79' lang='lat' dir='ltr'><strong>p.</strong></span> <span class='ocrx_word' id='word_1_309' title='bbox 918 3762 985 3820; x_wconf 83' lang='grc'><strong>209.</strong></span> 
     </span>
    </p>

    <p class='ocr_par' dir='ltr' id='par_1_8' title="bbox 167 3849 1251 3931">
     <span class='ocr_line' id='line_1_34' title="bbox 167 3849 1251 3931; baseline -0.009 -22"><span class='ocrx_word' id='word_1_310' title='bbox 167 3858 191 3927; x_wconf 73' lang='lat'><strong>2)</strong></span> <span class='ocrx_word' id='word_1_311' title='bbox 212 3855 254 3912; x_wconf 86' lang='lat' dir='ltr'><strong>De</strong></span> <span class='ocrx_word' id='word_1_312' title='bbox 275 3858 347 3927; x_wconf 79' lang='lat' dir='ltr'><strong>Pon,</strong></span> <span class='ocrx_word' id='word_1_313' title='bbox 367 3875 394 3927; x_wconf 91' lang='lat' dir='ltr'><strong>q.</strong></span> <span class='ocrx_word' id='word_1_314' title='bbox 417 3857 437 3926; x_wconf 91' lang='lat' dir='ltr'><strong>l,</strong></span> <span class='ocrx_word' id='word_1_315' title='bbox 456 3872 484 3910; x_wconf 86' lang='lat' dir='ltr'><strong>a.</strong></span> <span class='ocrx_word' id='word_1_316' title='bbox 504 3855 523 3910; x_wconf 74' lang='lat' dir='ltr'><strong>d</strong></span> <span class='ocrx_word' id='word_1_317' title='bbox 540 3855 575 3908; x_wconf 88' lang='lat' dir='ltr'><strong>ad</strong></span> <span class='ocrx_word' id='word_1_318' title='bbox 596 3852 622 3908; x_wconf 81' lang='lat'><strong>3.</strong></span> <span class='ocrx_word' id='word_1_319' title='bbox 644 3852 679 3906; x_wconf 88' lang='lat' dir='ltr'><strong>Ci</strong></span> <span class='ocrx_word' id='word_1_320' title='bbox 694 3867 721 3918; x_wconf 91' lang='lat' dir='ltr'><strong>p.</strong></span> <span class='ocrx_word' id='word_1_321' title='bbox 742 3849 807 3906; x_wconf 80' lang='lat'><strong>339.</strong></span> <span class='ocrx_word' id='word_1_322' title='bbox 1248 3926 1251 3931; x_wconf 23' lang='grc' dir='ltr'>Ι</span> 
     </span>
    </p>

    <p class='ocr_par' dir='ltr' id='par_1_9' title="bbox 133 3928 1247 4096">
     <span class='ocr_line' id='line_1_35' title="bbox 167 3928 1247 4012; baseline -0.01 -16"><span class='ocrx_word' id='word_1_323' title='bbox 167 3939 189 4011; x_wconf 80' lang='lat'><strong>³)</strong></span> <span class='ocrx_word' id='word_1_324' title='bbox 208 3942 355 4009; x_wconf 84' lang='lat' dir='ltr'><strong>Quaenam</strong></span> <span class='ocrx_word' id='word_1_325' title='bbox 374 3943 430 3997; x_wconf 87' lang='lat' dir='ltr'><strong>sint</strong></span> <span class='ocrx_word' id='word_1_326' title='bbox 449 3949 544 4012; x_wconf 88' lang='lat' dir='ltr'><strong>partes</strong></span> <span class='ocrx_word' id='word_1_327' title='bbox 556 3938 735 4008; x_wconf 82' lang='lat' dir='ltr'><strong>essentiales,</strong></span> <span class='ocrx_word' id='word_1_328' title='bbox 749 3928 1247 4009; x_wconf 74' lang='lat' dir='ltr'><strong>tiiteprutes,[subleeti&#39;vae‚exptica-</strong></span> 
     </span>
     <span class='ocr_line' id='line_1_36' title="bbox 133 4026 455 4096; baseline 0 -14"><span class='ocrx_word' id='word_1_329' title='bbox 133 4036 193 4083; x_wconf 89' lang='lat' dir='ltr'><strong>tum</strong></span> <span class='ocrx_word' id='word_1_330' title='bbox 213 4038 257 4083; x_wconf 86' lang='lat' dir='ltr'><strong>est</strong></span> <span class='ocrx_word' id='word_1_331' title='bbox 275 4044 301 4096; x_wconf 89' lang='lat' dir='ltr'><strong>p.</strong></span> <span class='ocrx_word' id='word_1_332' title='bbox 322 4026 455 4084; x_wconf 68' lang='lat' dir='ltr'><strong>ato-mi.</strong></span> 
     </span>
    </p>

    <p class='ocr_par' dir='ltr' id='par_1_10' title="bbox 169 4102 1047 4184">
     <span class='ocr_line' id='line_1_37' title="bbox 169 4102 1047 4184; baseline -0.01 -16"><span class='ocrx_word' id='word_1_333' title='bbox 169 4113 195 4176; x_wconf 82' lang='lat'><strong>⁴)</strong></span> <span class='ocrx_word' id='word_1_334' title='bbox 213 4113 242 4167; x_wconf 90' lang='lat' dir='ltr'><strong>ln</strong></span> <span class='ocrx_word' id='word_1_335' title='bbox 263 4113 311 4166; x_wconf 88' lang='lat' dir='ltr'><strong>tib.</strong></span> <span class='ocrx_word' id='word_1_336' title='bbox 334 4113 355 4166; x_wconf 95' lang='grc' dir='ltr'><strong>ΙΙ</strong></span> <span class='ocrx_word' id='word_1_337' title='bbox 377 4114 471 4184; x_wconf 69' lang='lat' dir='ltr'><strong>Sena,</strong></span> <span class='ocrx_word' id='word_1_338' title='bbox 492 4109 560 4165; x_wconf 80' lang='lat' dir='ltr'><strong>uisi.</strong></span> <span class='ocrx_word' id='word_1_339' title='bbox 582 4109 614 4176; x_wconf 85' lang='lat' dir='ltr'><strong>il,</strong></span> <span class='ocrx_word' id='word_1_340' title='bbox 634 4125 661 4177; x_wconf 83' lang='lat' dir='ltr'><strong>p·</strong></span> <span class='ocrx_word' id='word_1_341' title='bbox 681 4107 710 4181; x_wconf 88' lang='lat'><strong>2,</strong></span> <span class='ocrx_word' id='word_1_342' title='bbox 730 4123 758 4165; x_wconf 78' lang='lat' dir='ltr'><strong>a.</strong></span> <span class='ocrx_word' id='word_1_343' title='bbox 778 4102 813 4178; x_wconf 87' lang='grc' dir='ltr'><strong>ΙΙ,</strong></span> <span class='ocrx_word' id='word_1_344' title='bbox 833 4122 863 4177; x_wconf 88' lang='lat' dir='ltr'><strong>q.</strong></span> <span class='ocrx_word' id='word_1_345' title='bbox 883 4103 901 4160; x_wconf 84' lang='lat'>2</span> <span class='ocrx_word' id='word_1_346' title='bbox 920 4104 962 4163; x_wconf 80' lang='lat' dir='ltr'><strong>aii</strong></span> <span class='ocrx_word' id='word_1_347' title='bbox 979 4118 1047 4177; x_wconf 67' lang='lat' dir='ltr'><strong>ary.</strong></span> 
     </span>
    </p>

    <p class='ocr_par' dir='ltr' id='par_1_11' title="bbox 167 4191 670 4272">
     <span class='ocr_line' id='line_1_38' title="bbox 167 4191 670 4272; baseline -0.01 -18"><span class='ocrx_word' id='word_1_348' title='bbox 167 4199 191 4267; x_wconf 74' lang='lat'><strong>⁵}</strong></span> <span class='ocrx_word' id='word_1_349' title='bbox 210 4196 310 4259; x_wconf 76' lang='lat' dir='ltr'><strong>Cuivis.</strong></span> <span class='ocrx_word' id='word_1_350' title='bbox 333 4199 430 4272; x_wconf 72' lang='lat' dir='ltr'><strong>Gens,</strong></span> <span class='ocrx_word' id='word_1_351' title='bbox 450 4199 499 4256; x_wconf 87' lang='lat' dir='ltr'><strong>tib.</strong></span> <span class='ocrx_word' id='word_1_352' title='bbox 520 4197 555 4269; x_wconf 90' lang='lat' dir='ltr'><strong>it,</strong></span> <span class='ocrx_word' id='word_1_353' title='bbox 577 4211 604 4253; x_wconf 89' lang='lat' dir='ltr'><strong>s.</strong></span> <span class='ocrx_word' id='word_1_354' title='bbox 626 4191 670 4250; x_wconf 74' lang='lat' dir='ltr'><strong>ta.</strong></span> 
     </span>
    </p>
   </div>
   <div class='ocr_carea' id='block_1_7' title="bbox 0 0 1395 4770">
    <p class='ocr_par' dir='ltr' id='par_1_12' title="bbox 0 0 1395 4770">
     <span class='ocr_line' id='line_1_39' title="bbox 0 0 1395 4770; baseline 0 0"><span class='ocrx_word' id='word_1_355' title='bbox 0 0 1395 4770; x_wconf 95' lang='lat' dir='ltr'><strong> </strong></span> 
     </span>
    </p>
   </div>
  </div>
 </body>
</html>
