2760 4770
179 379 263 453 xiii.
289 380 534 454 Conrnaararro
556 394 618 452 asa
642 396 879 452 orrosnroauu
894 396 1030 466 narrar,
1047 377 1123 448 Sane
1140 383 1172 450 tn
1185 400 1259 450 eon·
1288 367 1291 376 ’

136 483 312 552 tradiotorie
334 485 491 575 oppositis,
505 484 617 575 quippe
638 490 716 574 quaa
729 483 899 554 secundum
914 504 969 554 ens
992 493 1023 553 et
1037 503 1100 552 non
1123 503 1188 583 eps,
1207 500 1262 556 sert

133 585 311 656 secundum
334 584 636 672 affirmationem-et
658 584 850 673 negationem
874 583 1075 676 separantur,
1094 587 1185 655 nulla
1207 588 1262 655 ade

135 695 193 754 est·
208 687 427 777 convenientia,
451 688 527 756 dum
545 688 699 778 privative
719 684 854 778 opposta
880 686 958 756 eirca
983 684 1062 756 idem
1086 689 1258 783 subiectum

131 799 323 877 versantur,
346 811 375 860 ε.
400 808 452 880 g„
475 788 558 856 risus
580 797 611 856 ct
631 787 757 856 caecitas
780 790 857 859 circa
880 788 1025 869 ocutum3
1049 798 1081 858 et
1102 792 1261 860 contrariu

137 890 233 960 etiam
256 892 288 960 in
308 891 411 982 utiquo
433 908 552 981 genere,
577 891 683 960 saltem
706 898 835 976 remoto,
860 890 1059 979 conveniunt,
1083 913 1112 960 e.
1132 912 1180 981 g„
1198 892 1260 961 vie

137 1003 194 1062 tus
215 1002 247 1061 ct
269 992 375 1061 vitium
399 995 431 1061 in
455 1002 566 1082 genera
588 992 747 1081 qualitatis·
768 991 791 1062 ¹.
818 991 850 1062 td
869 994 1005 1084 amplius
1018 995 1207 1080 declaratur,
1223 1008 1263 1064 eo

131 1096 220 1185 quod
243 1093 476 1164 contradictoria
510 1112 575 1161 non
597 1093 699 1160 solum
721 1091 841 1182 magis,
866 1115 959 1182 quam
983 1095 1155 1183 contraria,
1178 1108 1260 1185 quae

131 1200 228 1269 ambo
248 1198 329 1267 entia
351 1206 434 1286 sunt,
458 1197 511 1266 sed
535 1195 627 1265 otiam
651 1194 750 1284 magis
771 1215 864 1285 quam
879 1199 1031 1285 privative
1044 1199 1184 1289 opposito
1201 1218 1258 1288 pus

132 1311 244 1391 gnant,
269 1299 418 1390 siquidem
442 1297 580 1388 privatio,
604 1318 657 1367 seu
679 1298 815 1367 defectus
836 1300 916 1369 entis
941 1320 1060 1388 semper
1081 1303 1256 1388 expostulat

132 1402 310 1472 subiectum
331 1421 408 1487 esse,
433 1409 506 1489 puta
528 1398 676 1489 quidquid
698 1421 821 1470 coecum
845 1400 967 1488 dieitur,
991 1402 1029 1468 id
1044 1420 1109 1471 asse
1133 1423 1259 1472 necesso

130 1513 205 1587 est3
228 1514 260 1573 at
281 1525 345 1575 non
369 1503 443 1572 item
465 1502 610 1592 negati03
636 1519 708 1572 nam
731 1505 815 1593 quod
838 1504 972 1575 omnino
989 1525 1052 1574 non
1085 1509 1155 1596 est,
1192 1515 1257 1578 nort

132 1605 264 1676 denotat
283 1604 412 1694 aliquid,
430 1607 521 1695 quod
544 1625 609 1674 non
632 1616 732 1694 potest
754 1605 905 1675 ridere²
1251 1624 1255 1641 ²

178 1707 258 1776 xtv.
284 1709 529 1778 Gouraaororro
561 1726 755 1778 roarrssma
790 1727 883 1790 usr;¹
899 1726 941 1778 er
965 1728 1072 1778 amru
1079 1730 1187 1782 numu
1210 1734 1253 1784 aa

128 1831 309 1884 turranius.
337 1811 518 1880 Fortissimo
550 1819 596 1878 est
619 1821 757 1899 respectu
787 1809 973 1900 'reliquarum
997 1811 1256 1899 oppositionum>

129 1913 263 1982 omnino
285 1911 367 1982 enim
390 1920 471 1980 caret
493 1911 605 1998 medio,
618 1910 702 1999 quod
725 1919 846 1998 rocam,
870 1910 994 1978 mdiecti
1007 1912 1031 1997 ³,
1045 1915 1191 2000 quoniam
1207 1926 1255 1986 est

129 2015 215 2085 inter
234 2032 312 2102 ens,
337 2023 368 2084 et
390 2032 453 2081 non
475 2033 530 2081 ens
550 2015 576 2080 ⁴.
604 2012 685 2080 Nihil
704 2023 817 2081 tamen
838 2013 1080 2083 contradictione
1101 2015 1256 2104 ircfiarnirtt

128 2129 203 2201 est;
228 2138 302 2188 nam
324 2116 527 2188 contradictio
548 2126 594 2186 est
617 2117 832 2204 mendacium,
858 2138 912 2187 seu
935 2119 1007 2206 quid
1032 2118 1155 2208 salsum,
1179 2123 1257 2193 nihii

129 2229 237 2289 autem
260 2241 366 2310 pense
389 2230 435 2290 est
458 2219 618 2289 mendacio
639 2221 767 2289 et-falso
790 2219 956 2290 infirmius.
979 2221 1159 2300 Quinimmo
1180 2244 1258 2295 eona

129 2321 344 2391 tradictorium
359 2322 509 2409 estnihil,
527 2338 597 2388 nam
614 2343 629 2386 r
647 2319 823 2389 coniunctio
838 2320 1050 2392 affirrnatioais
1065 2333 1096 2391 et
1119 2328 1256 2415 negatio

128 2425 181 2494 nis
204 2423 282 2493 nihil
303 2433 359 2510 est,
377 2444 432 2492 noe
454 2423 586 2511 aliquem
610 2423 796 2490 intetlectum
819 2434 943 2509 generat
965 2427 1047 2511 quod
1070 2425 1183 2495 dicitur
1199 2431 1255 2496 hot

128 2546 185 2595 mo
207 2534 238 2595 et
259 2546 323 2594 non
337 2525 431 2592 homo
446 2524 540 2592 simut
554 2532 725 2612 acceptum,
738 2523 824 2610 quasi
848 2524 881 2590 in
897 2523 923 2589 ri
940 2524 1033 2592 unius
1048 2525 1190 2596 dictionis
1203 2531 1252 2603 ⁸ni

175 2625 243 2698 XV.
268 2628 512 2698 Conratutorro
535 2647 632 2697 turea
669 2644 770 2696 ouum
794 2646 870 2696 aura
907 2646 1065 2698 oerostm
1100 2653 1160 2702 usr
1184 2646 1256 2705 rar⁴¹

131 2752 189 2802 tm.
217 2729 339 2799 Etenim
362 2727 561 2798 contradictio
584 2728 658 2798 nihil
682 2727 763 2797 aliud
785 2738 842 2815 est,
867 2751 960 2818 quam
985 2730 1094 2819 forma,
1111 2740 1142 2801 et
1163 2748 1256 2825 nega}

130 2834 175 2903 tio
197 2832 276 2904 eius.
302 2831 364 2898 iam
389 2830 456 2898 ideo
479 2830 615 2917 opposita
648 2850 713 2898 uon
740 2840 869 2918 possunt
892 2831 984 2899 simut
1007 2836 1159 2924 existere,
1183 2842 1256 2926 quia

130 2938 264 3004 atterum
286 2931 481 3021 negationem
504 2931 629 2999 atterius
652 2929 754 2997 insui
777 2929 894 2998 ratione
915 2932 1063 3015 includit,
1089 2955 1117 3003 e.
1143 2958 1190 3026 g,
1213 2943 1255 3010 ad

128 3037 282 3106 rationem
305 3032 385 3102 caeci
409 3032 537 3124 pertinet
559 3034 640 3123 qood
665 3031 704 3099 sit
727 3054 790 3102 non
813 3032 933 3116 videam
951 3036 987 3102 ad
1004 3035 1152 3106 rationem
1169 3039 1251 3130 nigri

130 3142 215 3230 quod
238 3159 299 3206 non
323 3137 364 3208 sit
384 3137 507 3217 album;
531 3137 621 3204 etad
645 3135 796 3206 rationem
818 3136 884 3224 titii,
911 3137 994 3225 quod
1018 3141 1143 3230 nonsit
1166 3156 1254 3232 pater

130 3242 210 3328 eius,
234 3241 322 3309 cuius
343 3248 391 3309 est
414 3237 506 3306 titius.
532 3237 576 3304 Ex
600 3236 648 3307 his
671 3238 869 3326 comeretur
895 3239 1161 3311 contradictionem
1186 3263 1257 3318 esse

129 3341 322 3432 reliquarum
344 3340 573 3432 oppositionum
594 3358 729 3425 causam,
746 3360 825 3410 ‘nam
850 3339 891 3425 id,
920 3341 1003 3428 quod
1026 3344 1198 3418 maximum
1221 3361 1252 3421 et

129 3444 269 3535 primum
290 3453 337 3514 est
359 3445 390 3511 in
414 3442 516 3534 aliquo
539 3462 659 3532 genere,
688 3451 735 3512 est
754 3462 843 3512 causa
868 3441 1011 3512 omnium
1033 3443 1178 3519 aliorum.

168 3665 196 3736 θ)
215 3664 246 3722 tu
267 3665 316 3722 tib.
338 3663 349 3719 t
368 3663 461 3735 Sent,
481 3662 551 3721 Dim.
570 3661 608 3734 v,
626 3679 654 3734 q.
674 3660 697 3732 t,
716 3674 746 3717 a.
767 3657 782 3714 1
801 3661 839 3717 ad
859 3658 889 3716 1.

167 3751 195 3824 ²)
215 3751 298 3820 Quod
317 3758 427 3822 spectat
445 3751 480 3807 ad
499 3748 747 3820 comparationem
772 3745 1070 3806 contradictoriarum
1088 3765 1156 3808 oum
1176 3755 1255 3815 retas

127 3838 193 3899 tiva
213 3837 359 3908 oppositis,
379 3837 437 3892 vid.
459 3832 807 3901 Contrariatoaretatioa
825 3833 1014 3892 acromatum
1030 3835 1165 3896 minima.
1263 3856 1267 3861 ·

161 3921 190 3993 ³)
209 3922 272 3978 vm.
293 3937 320 3991 p.
338 3919 435 3978 ceto.

160 4008 190 4078 ⁴)
211 4020 225 4062 r
246 4007 316 4064 Essa
334 4022 391 4062 non
419 4005 507 4062 trahet
524 4002 725 4076 eontrarium,
743 4002 805 4060 uisi
836 4017 894 4059 non
913 4012 1024 4076 essem
1043 4018 1068 4062 ε.
1088 4006 1188 4082 dog„
1207 4010 1255 4072 m

118 4107 205 4156 mor.
227 4092 310 4148 dect.
332 4091 429 4164 Coti,
449 4103 478 4150 et
496 4091 638 4163 Manioi,
661 4091 710 4148 nn.
732 4090 765 4162 u,
784 4104 811 4147 c.
830 4091 852 4157 t,
872 4106 902 4146 u.
924 4090 950 4150 l.
1061 4106 1064 4111 ·

161 4181 191 4248 ὅ)
211 4178 240 4234 tn
260 4176 309 4232 tib.
330 4176 364 4231 ut
383 4177 475 4248 Sciat,
496 4176 565 4232 Dist.
587 4177 610 4249 Ι,
630 4194 659 4246 q.
679 4175 714 4246 ΙΙ,
733 4192 762 4232 a.
776 4175 804 4248 d,
823 4176 1248 4254 iot.1rt0npoasumusoogt-

116 4279 193 4328 tare
211 4278 278 4320 essa
295 4261 380 4320 simut
399 4273 427 4321 et
446 4278 504 4320 non
524 4277 587 4320 esse
607 4277 639 4334 ες
659 4277 683 4320 ε.
704 4263 786 4334 Ans,
808 4261 907 4321 contr.
925 4259 1027 4333 incip,
1047 4277 1075 4318 c.
1094 4261 1122 4319 t.
