2760 4770
272 267 336 337 928
702 301 745 313 -
769 262 795 331 Ν
820 299 863 310 -

219 384 256 452 de
278 384 382 456 saltem
406 382 577 472 praesentio
611 381 733 449 virtutis·
766 391 812 447 est
845 396 985 465 praesens
1003 377 1025 446 ¹.
1063 376 1133 456 Ona
1160 378 1198 447 iu
1223 400 1257 449 re
1280 380 1340 449 baec

219 487 282 553 dno
295 486 440 553 adnotare
455 485 549 553 lubet.
569 482 708 552 Primum
723 493 779 570 est,
795 482 877 570 rpuod
895 480 1098 570 praesentiam
1116 481 1248 549 virtutis
1271 502 1341 571 prae

220 588 324 656 cedere
345 587 433 655 debet
455 587 553 674 aliqua
575 607 614 653 en
636 596 720 672 porte
744 584 911 673 praesentia
926 584 1091 673 suppositi·⁷
1115 603 1197 651 nom
1226 606 1241 647 a
1266 584 1340 652 habet

220 688 280 757 boc
303 688 447 757 naturalis
471 690 546 756 ordo
569 709 671 756 rerum
687 686 832 756 divinitus
847 685 1017 771 institutus,
1035 696 1073 753 ut
1095 688 1258 774 quaelibet
1279 709 1339 755 cou-

220 810 252 857 sa
277 791 376 879 primo
399 804 539 880 operetur
564 791 595 858 in
620 790 661 875 id,
685 792 767 877 rpuod
790 800 836 857 est
858 788 914 858 sibi
930 789 1152 879 propinquius,
1180 802 1214 858 et
1239 811 1289 880 per
1310 791 1337 856 it·

221 892 272 959 tud
295 905 437 981 operetur
459 895 490 961 iu
513 896 569 962 clia
600 892 698 981 magis
725 904 851 979 remoto,
877 894 956 962 sient
979 892 1058 981 ignis
1082 893 1193 982 primo
1216 895 1338 963 calefacit

218 1015 319 1063 aerem
343 997 401 1065 sibi
427 997 644 1087 propinquum,
663 1018 715 1085 per
730 1017 821 1085 qrrcm
844 995 978 1064 calefacit
993 1015 1122 1082 corpora
1139 994 1285 1063 distantia
1298 994 1336 1073 ’rt

164 1128 167 1133 ·
219 1097 362 1187 quocirca
384 1099 440 1168 etsi
459 1121 581 1169 necesse
603 1120 667 1166 non
690 1098 729 1167 sit
752 1107 787 1164 ut
808 1119 946 1182 movens,
971 1108 1002 1165 et
1024 1097 1143 1165 mobile
1169 1099 1235 1165 sint
1256 1097 1336 1167 eiurat

218 1207 369 1287 parentum
385 1202 427 1269 od
449 1208 546 1270 totone
569 1206 699 1282 motum,
718 1210 818 1267 {anien
841 1209 959 1289 oportet
983 1210 1017 1266 ut
1039 1199 1103 1267 sint
1128 1199 1231 1267 simul
1252 1218 1336 1287 quoo-

215 1308 283 1389 tum
306 1303 347 1370 eci
369 1309 469 1370 saorra
481 1301 673 1391 principiam
692 1300 715 1365 ³:
736 1300 873 1367 Alteram
896 1310 953 1384 est,
978 1299 1061 1388 quod
1085 1300 1195 1369 virtus
1219 1302 1334 1390 agentis,

215 1404 269 1472 etsi
293 1426 348 1495 per
370 1406 505 1473 medium
530 1414 670 1487 transeat,
684 1413 785 1470 tamen
808 1402 971 1491 aliquando
993 1400 1025 1468 iu
1046 1422 1085 1471 eo
1110 1423 1183 1469 nou
1206 1415 1336 1493 operatur

215 1509 338 1577 eosdem
361 1510 498 1593 effectus,
523 1528 600 1594 quos
624 1506 763 1595 producit
786 1504 817 1571 in
840 1514 987 1590 extremo,
1015 1503 1087 1592 quia
1115 1506 1262 1574 medium
1284 1523 1335 1573 oon

217 1618 263 1679 est
285 1608 477 1698 dispositum.
504 1608 542 1677 Ε.
568 1630 620 1696 g.,
646 1607 726 1696 ignis
749 1606 902 1676 comburit
924 1617 1045 1694 stupam
1071 1607 1292 1693 remotiorem,
1311 1616 1334 1673 et

216 1730 279 1779 oon
303 1710 419 1779 terrum
442 1709 664 1800 propinquius,
694 1709 765 1796 qrrio
789 1708 905 1776 serrum
936 1728 999 1775 nou
1021 1718 1069 1776 est
1091 1728 1198 1796 capax
1221 1710 1334 1778 comba-

217 1812 337 1883 stionis.
364 1813 410 1881 Ex
434 1813 494 1881 hoo
509 1813 600 1879 effato
619 1811 711 1878 etium
728 1812 803 1879 illud
825 1810 893 1879 erui
916 1821 1022 1900 potest:
1050 1810 1202 1881 Naruaa
1228 1831 1334 1881 tenoc-

213 1936 277 1986 rtnr
301 1938 320 1986 ι
345 1935 475 2001 vacuo,
504 1936 634 1984 vacuum
665 1916 746 1981 onim
771 1913 928 2002 impediret
951 1922 1146 1999 contactum,
1176 1936 1232 2001 per
1254 1930 1330 2002 quent

213 2038 308 2106 agens
331 2039 402 2086 cum
426 2017 557 2104 patiente
580 2015 792 2101 coniungitur.

216 2164 219 2169 -
263 2117 329 2185 XV.
356 2118 450 2185 Nruu
474 2138 550 2187 terr
567 2136 598 2185 ra
616 2138 765 2187 surrsun.
783 2117 901 2185 Scilicet
916 2116 989 2185 nihii
1006 2118 1114 2184 eodem
1134 2117 1269 2201 rationo,
1284 2130 1329 2202 qua

215 2228 259 2286 est
282 2220 450 2287 subiectum
472 2240 577 2308 ageos,
590 2229 635 2286 est
651 2219 742 2288 siruul
759 2219 921 2306 obiectum,
940 2219 971 2287 in
984 2220 1067 2308 quod
1083 2220 1169 2308 agit,
1188 2221 1240 2288 sed
1255 2236 1327 2307 riute

215 2321 285 2389 dam
309 2321 462 2391 distinctio
494 2322 600 2389 saitem
626 2320 762 2391 virtualis
785 2324 865 2390 inter
887 2322 995 2410 istud,
1019 2333 1116 2411 atque
1142 2324 1223 2391 iliud
1247 2331 1286 2390 est
1302 2339 1326 2383 a

214 2425 397 2512 guosoeuda3
423 2443 509 2492 secus
532 2422 610 2491 idem
636 2424 743 2492 eodem
766 2433 903 2512 respectu
932 2433 1011 2494 esset
1032 2444 1134 2513 agens
1160 2435 1191 2493 ot
1215 2424 1323 2514 petiens.

213 2522 277 2591 iam
297 2547 312 2589 o
332 2545 394 2594 non
410 2534 588 2613 potestesse
603 2524 683 2594 idom
706 2526 874 2595 secuudum
892 2525 972 2597 idem
987 2547 1081 2614 agens
1106 2536 1140 2594 et
1159 2526 1273 2617 paticus
1285 2522 1322 2587 ⁴».

210 2680 213 2685 .
256 2625 334 2696 XVt.
360 2626 454 2695 Nunc
483 2646 569 2711 noir,
596 2646 661 2695 ursa
685 2647 853 2697 seeunoun
877 2645 961 2704 ouon
985 2650 1046 2697 uer
1071 2648 1163 2699 reru
1179 2630 1206 2693 ⁵.
1316 2658 1319 2663 ·

212 2750 215 2757 ·
259 2725 351 2794 XVli.
379 2726 472 2795 Nrnru
497 2747 571 2796 noir
596 2746 702 2798 uerna
729 2749 813 2798 suan
836 2750 984 2813 senoina.
1010 2728 1069 2796 Ubi
1095 2729 1174 2797 haec
1189 2730 1319 2798 adnotan-

209 2827 246 2896 da
270 2838 355 2896 suot:
383 2827 415 2895 ι’
439 2825 470 2895 Si
495 2827 551 2893 bac
574 2827 718 2915 loquendi
742 2828 858 2897 ratione
882 2830 911 2896 id
935 2828 1102 2919 significari
1129 2832 1204 2900 vetit
1223 2883 1232 2915 ,
1254 2822 1319 2916 quei

211 2949 305 3019 ageos
326 2949 388 2998 non
411 2938 507 3016 potest
529 2927 653 2994 edoctus
676 2927 810 2997 diversae
833 2930 940 3020 speciei
967 2933 1149 3021 producere,
1177 2928 1318 3001 tunecdo-

209 3044 279 3100 tum
303 3051 410 3100 verum
431 3041 478 3099 est
498 3030 599 3119 quoad
621 3051 726 3099 causas
748 3033 903 3120 troioooos,
920 3054 948 3102 e.
962 3055 1009 3121 g,
1033 3054 1138 3120 equus
1160 3054 1223 3101 noo
1247 3047 1318 3120 geue·

208 3146 296 3203 ratur
317 3135 357 3202 ab
379 3132 515 3219 homine,
533 3154 588 3202 nec
611 3143 729 3218 contra;
747 3156 810 3205 uon
833 3145 936 3204 antem
950 3137 1052 3224 quoad
1066 3155 1180 3205 causas
1195 3134 1317 3223 ceptam

210 3255 271 3321 cos,
296 3233 448 3321 siquidem
472 3234 540 3321 hae,
565 3236 624 3303 hoo
647 3236 725 3327 ipso,
749 3240 821 3327 quia
846 3240 1036 3328 aequivocae,
1052 3237 1184 3306 effeetus
1199 3237 1316 3306 diversae

211 3360 228 3405 a
251 3356 282 3405 se
305 3336 412 3426 speciei
434 3337 609 3426 producunt
626 3340 651 3409 ⁶.
679 3341 712 3410 d?
736 3341 789 3410 Sin
812 3351 915 3410 antem
939 3339 1106 3429 significari
1132 3341 1229 3428 vetit,
1251 3332 1316 3428 quod

204 3449 313 3509 natura
335 3438 475 3528 actionis,
500 3461 561 3529 qua
584 3444 708 3511 effectus
733 3445 921 3532 producitur,
939 3463 1002 3513 non
1019 3453 1123 3532 potest
1136 3443 1258 3533 agentis
1271 3438 1314 3507 rir-

206 3551 303 3609 tutem
324 3542 481 3628 excedere,
506 3552 579 3612 tuuc
601 3545 728 3613 effatum
751 3566 858 3614 verum
881 3555 939 3633 est,
957 3545 981 3613 si
1004 3565 1100 3634 agens
1116 3565 1172 3633 per
1189 3545 1313 3639 virtutem

204 3643 263 3712 sibi
285 3643 438 3732 propriam
455 3644 538 3715 illam
554 3648 706 3717 actionem
721 3668 842 3717 exerere
857 3648 1026 3731 sumatur⁷;
1042 3644 1213 3737 siquidem,
1240 3647 1314 3716 ‹bot

245 3822 270 3893 ¹)
288 3823 351 3880 vid.
371 3839 396 3881 s.
416 3823 530 3896 Tuom,
549 3824 571 3896 1,
581 3842 609 3897 q.
623 3826 731 3899 vnto.
747 3827 760 3881 l
775 3844 815 3899 o,
829 3837 857 3885 et
873 3828 973 3890 Come.
989 3826 1084 3897 Geor„
1099 3827 1150 3885 tib.
1166 3828 1216 3900 111,
1234 3844 1260 3887 o.
1276 3822 1312 3885 fl·

242 3907 266 3977 ²)
285 3906 315 3979 3,
333 3927 361 3979 q.
382 3907 449 3978 LVI,
468 3924 496 3964 a.
518 3906 531 3964 1
553 3907 643 3979 σμ’)
663 3911 715 3984 Qq.
734 3913 844 3985 diepp„
863 3911 907 3971 De
925 3913 1002 3985 roo,
1021 3930 1050 3985 q.
1069 3913 1121 3986 111,
1139 3930 1172 3971 ι.
1192 3911 1225 3971 ΙΙ
1244 3906 1312 3972 odi.

244 3991 269 4062 ⁴)
286 3991 320 4047 22
336 3993 394 4063 2⁸⁰,
414 4009 442 4063 q.
462 3992 533 4062 LIX,
552 4008 580 4050 a.
601 3992 619 4050 3
637 4010 664 4052 c.
998 4052 1001 4057 .
1114 4042 1118 4049 .

240 4075 263 4144 ⁵)
282 4076 343 4134 Vid.
364 4079 461 4150 Aperte
479 4092 563 4135 omne
582 4081 645 4151 opit
661 4083 694 4139 in
709 4093 849 4150 quonium
861 4092 904 4139 aar
915 4077 1146 4155 aoranae-⁶)
1166 4083 1232 4141 vid.
1250 4076 1309 4153 ptr.

239 4158 264 4230 ⁷)
285 4173 298 4217 ι
317 4162 377 4221 Nec
395 4177 413 4217 a
431 4161 525 4230 seipso
544 4178 680 4234 umquam
698 4167 809 4222 excedit
821 4165 933 4223 babitus
958 4166 995 4221 ab
1020 4168 1174 4238 co,.'quod
1198 4178 1240 4228 est
1261 4176 1310 4225 eut

206 4244 335 4303 habitum
355 4246 512 4305 excludens
533 4264 559 4320 ις
579 4249 668 4308 sstem.
691 4250 771 4308 Alex.
798 4251 917 4323 strom,
937 4250 988 4307 tib.
1007 4249 1062 4323 lv,
1085 4270 1117 4311 n.
1135 4254 1187 4319 22.
