2760 4770
163 216 228 285 utto
597 253 638 269 -
662 220 689 296 υ
711 252 754 267 -

120 329 272 399 hormines:
290 330 431 420 vicissim,
455 330 510 401 etsi
535 333 631 401 muita
653 334 714 401 sint
737 332 853 403 obiecta
868 351 1036 402 sensuum
1060 331 1232 421 exteriorum,

123 441 225 500 tanton
249 432 352 501 omnio
375 434 511 503 officiunt
528 455 624 504 unum
640 435 793 505 obiectum
809 435 1030 524 adaequatum
1055 455 1163 506 sensus
1175 456 1235 505 cun

122 534 237 623 munis,
262 539 315 626 qni
340 547 433 607 totam
452 539 624 637 potentiam
645 538 821 608 sensitivam
842 539 1088 631 complectitur:
1111 560 1182 609 nam
1200 559 1237 630 po

123 638 215 706 tentia
239 640 380 730 superior
402 640 523 733 respicit
545 641 679 733 aliquam
703 641 953 712 universaliorem
980 641 1154 729 rationem,
1168 661 1238 730 qun

124 743 258 830 potentia
284 744 407 813 inferior
424 745 448 812 ¹.
475 745 560 830 item,
584 765 664 835 qnae
686 754 760 814 sunt
782 765 879 814 unum
907 744 940 812 in
966 743 1040 815 Deo
1069 742 1239 835 proptoriu

124 844 243 913 iinitom
269 845 342 915 Eius
364 847 586 935 excellentiam,
611 847 846 936 distinguuntur
869 846 903 914 in
925 846 1101 929 creaturis3
1126 844 1240 916 civicis

123 946 194 1032 sim,
232 968 309 1038 quate
331 958 404 1018 sunt
425 949 566 1020 distincta
589 949 622 1018 in
643 949 815 1036 creaturis,
840 961 915 1019 snnt
935 948 1145 1019 eminentiori
1168 946 1241 1017 muit

126 1068 226 1115 unum
250 1049 280 1116 in
304 1049 395 1137 lieo,
433 1048 485 1139 qui
509 1061 555 1118 est
580 1051 643 1140 ipsa
666 1050 822 1141 plenitudo
835 1050 954 1120 essendi
973 1048 1004 1120 ².

168 1148 260 1219 xvtt.
295 1149 385 1230 Quas
410 1170 464 1223 unt
490 1171 529 1222 ur
554 1170 652 1221 arnan
677 1172 758 1224 svor
788 1171 924 1240 utura,
948 1172 1046 1226 sunu
1077 1169 1189 1224 naus!
1206 1168 1241 1220 u·

123 1272 188 1322 vnn
212 1273 251 1321 sa
274 1254 298 1320 ³.

170 1353 275 1422 ttt'ttt.
300 1355 359 1434 um
384 1374 508 1429 rovnsr
532 1377 640 1445 ustus,
667 1378 790 1431 vovusv
813 1364 854 1430 ur
877 1377 994 1431 umus.
1026 1358 1064 1430 in
1081 1356 1241 1451 primistn

125 1464 169 1522 tet
191 1455 250 1527 hoe
271 1457 397 1528 effatum
426 1458 636 1550 accipiendum
660 1469 779 1529 tantum
802 1478 869 1529 esse
893 1480 908 1524 ‹
933 1458 965 1529 in
993 1458 1061 1548 his,
1086 1480 1170 1552 quae
1190 1479 1242 1549 pet·

125 1557 223 1626 tinent
246 1559 283 1626 ad
307 1561 462 1648 potestatis
487 1560 717 1649 perfectionem,
741 1578 805 1629 non
826 1571 929 1628 autem
952 1558 986 1628 in
1014 1560 1083 1648 his,
1108 1561 1243 1653 quaein·

126 1669 251 1750 portant
272 1660 429 1753 potestatis
451 1664 633 1734 deiectum*
652 1688 681 1732 s.
700 1663 800 1752 Unde,
815 1663 1089 1753 quemadmodum
1112 1663 1212 1735 subdit
1222 1684 1243 1731 s.

128 1760 372 1852 Bonaventnra,v
390 1764 416 1835 ei
432 1763 584 1854 potentius
606 1785 672 1835 esse
694 1765 782 1850 iilud,
798 1762 849 1834 eui
863 1763 968 1832 omnia
994 1776 1078 1836 sunt
1094 1763 1242 1857 possibilia,

128 1885 234 1933 verum
257 1874 302 1934 est
324 1864 361 1936 de
384 1864 444 1954 iiis,
467 1886 545 1955 quae
569 1887 656 1955 posse
676 1878 722 1937 est
739 1866 890 1956 potentiae
904 1866 1039 1949 nobilis3
1058 1888 1135 1937 uam
1151 1868 1242 1956 unu

126 1978 172 2036 set
193 1966 318 2055 aliquid,
343 1966 426 2056 quod
448 1985 513 2035 non
535 1965 575 2036 sit
591 1967 630 2035 de
651 1967 811 2037 nobilitate
834 1965 1013 2056 potentiue,
1039 1979 1166 2059 quanto
1191 1986 1241 2037 m

129 2069 177 2157 gis
200 2067 275 2137 ittud
299 2080 426 2157 posset,
453 2080 538 2137 tanto
562 2071 661 2159 magis
682 2070 846 2139 adversitas
867 2081 898 2138 et
920 2071 1111 2158 perversitas
1142 2078 1244 2160 posnan

124 2168 157 2236 iu
181 2167 270 2237 iilum
290 2219 326 2237 ..
349 2220 385 2254 .,
409 2178 440 2238 et
463 2166 504 2235 ita
528 2179 612 2239 tanto
642 2172 745 2239 minus
767 2179 846 2240 esset
867 2172 1009 2262 poteus⁵
1031 2195 1065 2243 a.
1084 2169 1242 2243 Deiuduio·

126 2290 200 2339 cum
223 2269 323 2357 habet,
348 2291 420 2339 eum
444 2269 546 2360 agitur
568 2273 606 2340 de
629 2271 675 2360 iis,
704 2292 782 2362 quae
809 2272 846 2341 od
869 2273 1015 2341 eumdem
1033 2275 1242 2363 ordinemsed·

19 2400 23 2409 ·
125 2379 221 2460 eunt,
247 2371 374 2463 ideoque
398 2372 500 2440 minus
530 2373 589 2440 tale
612 2380 686 2458 ost,
711 2382 746 2439 ut
769 2371 880 2443 maiori
903 2371 1105 2444 subiiciatur.
1130 2375 1203 2444 Hine
1218 2395 1241 2441 a·

125 2474 170 2543 vis
193 2476 295 2543 volare
318 2486 427 2564 potest,
452 2474 546 2543 homo
568 2494 640 2542 vero
670 2494 732 2542 non
757 2484 868 2563 potest,
893 2473 965 2562 quia
988 2475 1061 2544 avis
1085 2474 1152 2547 non
1165 2473 1240 2545 subii

125 2576 205 2645 uitur
227 2577 357 2663 homini,
384 2598 481 2667 noque
504 2577 535 2645 iu
557 2578 601 2667 eo}
622 2576 809 2646 continetur:
837 2599 853 2641 v
879 2576 948 2647 Nou
971 2588 1110 2667 oportet,
1127 2574 1240 2667 utqui

128 2679 199 2750 tacit
222 2681 333 2767 maius,
359 2681 447 2750 saciat
471 2683 585 2768 tatinus,
610 2679 670 2750 nisi
701 2681 740 2748 sit
761 2680 799 2748 ad
825 2681 853 2750 id
877 2679 1092 2750 ordinatum⁶
1118 2707 1149 2754 ›.
1173 2678 1241 2761 Quot

126 2781 218 2852 etiam
240 2803 258 2850 a
279 2781 451 2873 Semphyeo
489 2781 618 2850 doctore
646 2783 825 2850 adnotatum
860 2781 942 2850 tuit:
974 2804 989 2846 t
1015 2783 1081 2864 Qui
1106 2779 1240 2875 potesiin

126 2883 239 2972 maius,
263 2893 361 2974 potest
385 2883 416 2952 in
441 2882 565 2966 minus,
589 2881 751 2952 dicendum
773 2882 856 2971 quod
878 2901 988 2951 verum
1008 2897 1073 2972 est,
1098 2884 1126 2957 si
1148 2901 1239 2973 aequa·

127 2985 197 3056 liter
219 2986 400 3057 ordinantur
421 2986 458 3054 ad
483 2997 676 3074 utrumque3
703 3006 773 3052 nam
797 2985 821 3052 si
845 2984 935 3053 habet
958 2981 1235 3056 ordinationemtd

128 3091 250 3176 vnaius,
274 3100 304 3157 et
327 3109 389 3156 non
414 3088 502 3156 habet
524 3087 742 3157 ordinationem
772 3087 810 3154 ad
834 3086 963 3174 minus,
987 3088 1137 3176 quamvis
1160 3083 1239 3180 posit

132 3195 165 3258 in
189 3191 300 3279 maius,
325 3210 387 3257 non
411 3201 513 3260 tamen
540 3189 678 3280 sequitur
700 3189 782 3279 quod
806 3188 838 3258 in
861 3188 993 3258 minus*
1013 3212 1049 3261 i.
1075 3189 1189 3261 Eadem
1205 3205 1240 3256 n

172 3368 184 3411 ,
240 3369 246 3384 .

168 3369 196 3522 η)
209 3369 281 3514 gildis
297 3367 494 3523 graffiono,
513 3472 567 3512 eur
594 3458 690 3513 anima
710 3454 907 3525 intellectiva,
926 3467 994 3509 oum
1013 3468 1074 3511 unu
1094 3453 1150 3527 sit,
1167 3449 1241 3525 perio

135 3541 463 3682 ctionzsdanimazewtuvlnl
476 3543 667 3614 vegetatione,
687 3550 747 3598 tum
766 3539 917 3597 sensitivue
935 3538 964 3594 in
986 3552 1019 3594 su
1031 3542 1242 3613 commemor.

171 3628 198 3777 ἆ
217 3645 399 3786 dugann,
418 3715 455 3771 du
468 3667 549 3783 roa,
569 3730 596 3781 q.
618 3712 640 3780 t,
658 3728 686 3765 a.
706 3709 724 3766 o
742 3711 778 3765 ud
798 3707 826 3765 8.

171 3799 196 3869 ⁵)
216 3799 244 3853 io
266 3799 314 3853 tib.
335 3798 345 3853 Ι
365 3799 459 3867 sent,
480 3797 548 3852 [tist.
569 3795 650 3863 xiil,
670 3810 697 3850 a.
718 3795 740 3865 t,
757 3792 815 3867 q.3
834 3794 875 3850 ud
891 3807 960 3866 ary.
983 3793 1056 3850 Hine
1076 3808 1102 3854 s.
1123 3790 1243 3867 Augusti·
1282 3810 1287 3889 j

138 3900 201 3941 uus:
225 3902 238 3940 v
259 3887 321 3942 Nou
341 3894 432 3957 potest
450 3882 551 3953 (Dour)
571 3899 715 3953 peccaro,
743 3900 799 3940 uon
820 3893 911 3953 potest
936 3882 1067 3955 mentiri,
1093 3899 1152 3940 non
1169 3889 1246 3954 poten
1285 3928 1287 3939 .

136 3969 207 4033 tatti;
228 3978 304 4026 tama
325 3987 381 4026 nou
396 3980 497 4041 potes13
510 3985 584 4042 quoe
597 3971 620 4026 si
640 3975 744 4038 possut,
759 3982 816 4024 non
830 3978 904 4026 esset
917 3968 1105 4040 omnipotens
1120 3985 1148 4045 η
1160 3971 1245 4032 Sem-
1285 3986 1287 4027 ;

136 4054 251 4209 affin?
264 4054 479 4208 ticinlt'vnde'nt„
498 4139 567 4197 Dist.
589 4137 712 4208 xvvnt,
732 4157 760 4208 q.
782 4137 827 4205 tii,
846 4152 875 4194 a.
894 4136 913 4191 2
932 4138 967 4192 nd
986 4136 1016 4197 2.
1045 4212 1049 4217 ,

172 4226 194 4297 ⁷}
214 4224 241 4284 ln
261 4224 309 4284 iib.
332 4224 341 4281 Ι
362 4225 453 4295 Sena,
475 4224 543 4282 Dist.
564 4222 634 4295 xm,
654 4240 680 4283 a.
703 4222 726 4296 i,
747 4242 774 4296 q.
796 4221 805 4279 Ι
823 4224 863 4281 ad
881 4238 947 4295 nvn.
