2760 4770
169 238 232 308 tuo
599 274 642 285 -
666 230 694 302 ll
718 274 761 287 -

123 377 158 423 en
184 374 214 421 sc
238 351 449 447 dignumest,
468 350 508 418 ita
525 360 559 417 ut
581 350 608 419 ei
631 373 668 420 ex
691 352 821 438 quadam
839 350 952 421 iustitia
969 350 1128 419 debeatur
1142 372 1245 420 merces

126 475 160 523 ac
182 453 363 543 praemium.
392 455 535 523 Moritturt
559 454 596 522 de
618 473 751 542 coupruo
773 463 818 522 est
843 453 929 539 illud,
952 454 1042 542 quod
1069 453 1188 521 nullom
1203 472 1242 519 ue·

123 557 298 647 qualitatem
321 578 392 625 cum
417 557 549 644 praemio
576 557 690 640 habet,
715 577 749 623 ac
773 557 898 644 proinde
922 555 1066 625 mercede
1090 574 1130 624 ex
1155 574 1187 622 se
1207 554 1243 620 di-

124 681 220 748 gunm
245 679 307 727 non
328 670 384 745 est,
407 679 484 747 quae
510 670 610 727 tamen
634 658 661 725 ei
691 657 827 727 redditur
852 678 913 726 nou
936 659 1068 746 quidem
1091 678 1130 727 ex
1155 656 1244 725 debite

124 759 265 845 iustitiae,
291 761 342 828 sed
367 761 407 829 ob
430 760 593 850 (quaindam
622 761 803 830 decentiam.
830 761 874 828 En
899 761 1060 850 quomodo
1084 772 1244 848 utrumque

123 861 183 928 hoe
204 861 387 929 marituma
418 883 444 929 s.
469 860 585 928 Thomu
608 861 785 949 explicatur:
816 886 830 926 c
859 861 999 930 Meritum
1027 860 1157 950 proprie
1179 859 1242 926 dici·

125 974 177 1030 tur
199 964 289 1048 uelle,
313 984 372 1050 qua
396 963 533 1046 allicitur,
560 973 593 1028 ut
616 962 655 1045 ei,
681 965 732 1050 qui
757 962 831 1051 ugit,
856 960 895 1030 sit
918 962 1040 1031 iustum
1057 961 1180 1050 aliquid
1201 960 1242 1028 da·

125 1064 163 1132 ri.
188 1064 245 1131 Sed
269 1063 380 1130 iustitia
404 1063 515 1130 dicitur
530 1063 699 1151 dupliciter:
720 1063 789 1130 Uno
813 1063 903 1131 modo
929 1065 1063 1154 proprie,
1090 1083 1175 1152 quae
1198 1063 1242 1132 sti·

125 1167 196 1234 licet
219 1166 340 1254 respicit
362 1163 498 1232 debitum
522 1185 558 1229 er
585 1176 666 1253 parte
691 1163 871 1252 recipientis,
896 1165 955 1232 alio
977 1164 1077 1235 modo
1101 1165 1193 1254 quasi
1214 1165 1241 1233 si·

125 1265 350 1352 militudinarie‚
375 1289 452 1355 quac
476 1265 593 1353 respicit
619 1268 755 1333 delitum
779 1287 815 1335 ex
841 1277 922 1354 purte
945 1266 1061 1349 dantis;
1087 1267 1241 1357 aliquide

126 1367 192 1436 nim
215 1369 300 1438 decet
321 1371 443 1438 dantem
466 1368 563 1453 dare,
588 1368 669 1456 quod
697 1381 799 1436 tamen
823 1388 885 1437 non
909 1368 1000 1438 habet
1025 1368 1182 1458 recipiens
1201 1368 1243 1436 de·

126 1470 227 1538 bitum
249 1470 421 1560 recipiendi.
450 1523 458 1540 .
488 1523 494 1538 .
521 1471 561 1539 Et
583 1472 753 1539 secundnm
776 1472 835 1540 hoc
857 1471 949 1541 etiam
974 1470 1130 1540 meritum
1146 1471 1243 1539 dicitur

125 1570 297 1659 dupliciter:
323 1571 392 1640 Uno
416 1573 508 1640 modo
531 1583 627 1659 actm,
658 1592 825 1660 perquem
848 1571 988 1658 efficitur,
1016 1584 1053 1641 ut
1077 1572 1148 1662 ipse
1162 1590 1242 1661 agens

127 1672 235 1741 habeat
257 1673 393 1742 debitum
418 1671 603 1761 recipiendi,
628 1683 659 1739 ct
686 1670 743 1742 hoc
768 1684 893 1743 vocatur
916 1673 1062 1742 meritum
1090 1671 1240 1762 condigni:

127 1775 195 1844 trio
218 1775 322 1861 mode,
348 1794 513 1862 perquem
537 1772 690 1858 efficitur,
716 1786 751 1840 ut
774 1775 812 1843 sit
834 1775 968 1844 debitum
985 1775 1081 1845 dandi
1109 1776 1144 1844 in
1167 1777 1244 1844 dante

126 1879 295 1947 secundum
318 1876 486 1947 decentiam
512 1875 628 1964 ipsius:
653 1886 683 1943 et
706 1875 774 1945 ideo
797 1878 856 1947 lroc
880 1877 1027 1945 meritum
1051 1876 1173 1946 dicitur
1192 1896 1243 1944 mc·

125 1980 222 2049 ritum
246 1979 373 2069 congrui
397 1982 408 2021 ¹
437 2006 466 2049 n.

171 2080 251 2152 Xlll.
278 2079 662 2151 Montensis-Prusias.
692 2082 723 2148 l⁰
750 2081 904 2148 diouditer
927 2101 1019 2169 agere
1054 2081 1175 2151 dicitnr
1196 2082 1243 2160 ille,

128 2182 181 2273 qui
205 2181 295 2252 libere
318 2187 393 2271 agit;
421 2183 559 2270 Pitysr'ee,
583 2182 636 2271 qai
661 2195 768 2251 natura
792 2205 847 2252 suu
868 2183 1098 2253 determinatur
1115 2186 1153 2254 ad
1168 2202 1245 2272 agen·

129 2287 216 2354 dum.
243 2285 277 2354 2⁰
302 2285 459 2352 Merolder
481 2304 570 2375 ogere
594 2286 642 2351 ille
665 2288 788 2371 dicitnr,
813 2285 865 2373 qui
888 2306 974 2354 suam
1000 2287 1117 2374 agendi
1144 2288 1203 2354 vim
1222 2285 1246 2351 in

129 2388 242 2478 aliquid
266 2409 328 2457 non
351 2387 494 2472 confert,
520 2387 572 2454 sed
595 2388 671 2455 alios
701 2390 745 2455 rel
777 2388 927 2474 exemplo,
953 2388 999 2454 rel
1025 2388 1189 2478 imperio,
1212 2386 1247 2452 rel

128 2490 257 2561 consilio
279 2498 336 2559 ete.
363 2489 400 2557 ad
424 2489 498 2557 illud
523 2491 752 2577 producendum
780 2498 892 2557 moret.
921 2487 1051 2574 Plrpsieo
1077 2499 1183 2558 autem
1204 2485 1246 2574 qni

129 2612 198 2662 vera
220 2601 250 2660 et
273 2591 343 2660 reali
366 2592 484 2658 actione
507 2589 620 2679 aliquid
645 2592 782 2677 producit
807 2589 832 2655 ².

137 2757 140 2762 .
173 2690 252 2762 XIV.
278 2689 965 2762 noninim-raison-irnnnnisnn.
995 2688 1027 2756 1⁰
1053 2689 1248 2782 Metoplrysieo

129 2804 247 2865 certum
270 2793 357 2862 nobis
380 2804 427 2863 est
449 2794 536 2880 illud,
561 2795 643 2882 quod
668 2794 701 2861 in
725 2793 787 2884 ipsa
805 2792 845 2861 rei
861 2794 1001 2873 essentia3
1016 2792 1161 2882 physice,
1176 2793 1247 2882 qnod

127 2898 161 2966 iu
183 2908 311 2966 naturae
333 2895 449 2984 legibus
472 2905 502 2963 et
526 2895 632 2964 mundi
656 2895 786 2977 ordine,
810 2893 980 2980 moraliter,
1004 2895 1094 2983 quod
1118 2895 1150 2964 in
1172 2896 1245 2964 onti-

129 2998 178 3070 nis
199 3000 325 3068 moralis
348 2996 590 3087 legibus,qnibns
606 3018 715 3088 nempe
731 3018 831 3067 mores
847 2994 1011 3065 hominum
1029 3007 1243 3088 temperantur,

130 3103 294 3171 fundatum
317 3121 383 3170 esse
407 3097 613 3190 perspicimus,
629 3100 802 3170 cuiusmodi
825 3110 908 3185 suut,
926 3099 1069 3169 homines
1085 3122 1151 3171 non
1173 3120 1245 3172 meu·

131 3202 194 3288 tiri,
207 3200 266 3271 nisi
289 3201 457 3290 quidquem
480 3204 530 3289 sit,
554 3202 637 3289 quod
659 3223 712 3273 eos
734 3203 771 3270 ad
796 3202 963 3270 fallendum
987 3211 1125 3287 moveat3
1141 3225 1179 3274 ex
1193 3204 1244 3274 sola

131 3303 258 3374 veritate
278 3301 417 3372 homines
440 3304 477 3372 ad
493 3302 723 3372 consensionem
738 3303 844 3374 adduci
869 3324 955 3395 posse
977 3313 1037 3372 etc.
1056 3303 1097 3375 E.
1123 3327 1171 3396 g„
1193 3325 1242 3373 mo·

131 3404 285 3497 topdyst'ce
306 3416 424 3474 certum
460 3404 547 3476 nobis
569 3418 615 3476 est
636 3428 691 3475 ens
720 3407 858 3498 cogitans
881 3405 1077 3497 simplicitate
1112 3410 1239 3499 gaudere,

131 3507 202 3596 quia
224 3508 299 3576 haec
322 3509 487 3599 proprietas
509 3507 589 3578 entis
604 3509 767 3598 cogitantis
782 3510 897 3580 ateius
911 3509 1042 3580 essentie
1060 3511 1143 3581 fluit:
1170 3511 1239 3599 Pto

131 3611 191 3678 sice
213 3609 287 3678 certi
320 3631 427 3680 sumus
449 3611 486 3679 de
509 3611 721 3684 combustione
751 3620 883 3705 stupae,
907 3611 1005 3702 posita
1039 3612 1125 3685 illius
1147 3632 1239 3704 appro

132 3711 329 3801 pinquntione
362 3711 399 3779 ad
424 3711 554 3800 ignem,
590 3713 701 3804 quippe
723 3715 838 3785 seimus
861 3726 987 3784 naturae
1022 3716 1108 3805 leges
1130 3714 1240 3785 mininie

134 3813 206 3901 pati,
226 3825 261 3881 ut
284 3834 370 3882 secus
393 3833 440 3881 res
462 3814 525 3903 ipsa
548 3815 715 3904 contingat:
736 3817 847 3886 Moroli
868 3814 1052 3887 certitudine
1068 3818 1181 3888 seimus
1194 3815 1239 3884 tto

132 3915 254 3981 mulum
275 3927 307 3982 et
330 3913 461 3985 Remum
496 3913 594 4004 prima
618 3914 733 3987 Romae
756 3917 953 3987 firndamenta
976 3917 1106 4005 iecisse3
1129 3940 1195 3991 eum
1211 3940 1236 3987 e

174 4128 196 4199 ¹)
216 4128 246 4186 ln
265 4130 313 4188 lib.
333 4131 366 4188 lv
388 4132 480 4204 Sedu,
500 4132 569 4192 uisi.
590 4130 655 4204 XV,
671 4151 699 4207 q.
721 4132 743 4206 l,
763 4148 793 4191 u.
814 4131 843 4204 3,
862 4135 917 4192 rol.
938 4130 956 4189 i
975 4151 1005 4195 o.

170 4216 192 4285 ²)
212 4217 273 4276 vid.
296 4235 322 4291 p.
344 4216 389 4274 60.
