2760 4770
534 322 580 338 ···
602 284 629 352 ll
653 322 697 339 ·-
1064 286 1126 355 161

67 400 148 472 lx.
174 400 301 475 llmrru
324 423 447 476 unnua
480 423 544 475 cun
569 423 719 475 veturus
737 402 760 470 ¹.
789 399 937 490 Equidem
961 400 1105 488 habitus,
1131 423 1179 470 se-

48 525 107 575 cus
129 525 165 575 ae
187 505 286 574 torma
309 509 341 576 in
369 527 403 576 re
425 505 573 591 naturali,
598 527 662 574 non
686 504 827 592 producit
847 525 883 573 ex
909 503 1083 574 necessitate
1106 524 1179 592 ape·

49 605 205 676 rationem
228 607 285 676 sibi
308 608 537 678 conuenientem
555 606 580 677 ².
598 607 676 675 lline
700 614 798 694 potest
819 605 1030 694 unusquisque
1052 604 1177 694 eligere,

48 711 99 778 vel
121 729 185 780 non
209 711 296 798 illud,
320 714 358 781 ad
381 714 463 802 quod
481 712 642 802 propendit
658 729 712 798 per
726 708 875 794 habitum,
894 710 940 775 vel
962 730 1053 798 agere
1075 721 1178 777 netum

48 809 252 899 eontrarium,
278 817 322 884 vel
345 828 449 883 aetum
479 836 541 883 non
564 813 797 904 respondentem
828 810 990 881 intensioni
1013 811 1134 880 habitas
1152 811 1178 880 ³.

51 911 131 979 lline
154 913 267 985 habens
290 915 427 985 habitum
452 915 573 984 virtutis
597 924 695 1002 potest
712 934 844 1003 peecare,
867 934 938 982 nam
959 935 973 976 t
993 922 1098 980 natura
1123 931 1177 1000 po-

52 1012 161 1083 tentiae
186 1037 239 1104 per
267 1017 406 1087 habitum
440 1040 504 1087 nou
534 1018 674 1101 tollitur,
711 1013 862 1108 potentiae
895 1025 998 1084 autem
1023 1015 1180 1083 rationalis

49 1125 160 1184 natura
182 1127 240 1206 est,
265 1131 301 1188 ut
323 1121 360 1189 ad
383 1144 481 1191 unum
511 1123 578 1211 augi
603 1143 665 1190 non
690 1122 795 1210 possit,
820 1119 902 1188 unde
924 1117 1042 1188 etiarnsi
1066 1119 1178 1186 virtute

51 1217 237 1307 perficiatur,
262 1220 295 1289 in
318 1220 381 1311 ipsa
402 1224 461 1292 erit
483 1245 584 1311 agere,
602 1225 649 1291 uel
673 1243 736 1291 non
758 1241 860 1310 agere,
875 1221 921 1290 uel
945 1220 1015 1306 hoe,
1031 1229 1084 1289 aut
1106 1241 1181 1288 aan-

52 1317 186 1389 uariam
208 1343 324 1412 agere3
363 1335 394 1393 et
417 1347 479 1394 nou
505 1337 627 1417 oportet
649 1326 733 1415 quod
754 1323 899 1394 continue
921 1334 1068 1411 sequatur
1095 1321 1182 1390 indi.-

49 1422 210 1495 uatiunem
236 1425 377 1505 virtutis;
402 1428 492 1497 habet
514 1430 597 1497 enim
620 1426 841 1497 aetusvirtutis
864 1424 977 1516 aliquid
1001 1425 1180 1514 apotentia,

51 1535 90 1592 ut
111 1524 226 1596 scilieet
247 1549 286 1597 ex
308 1531 484 1601 necessitate
505 1539 568 1601 111
584 1533 636 1617 sit,
653 1530 813 1620 utaliquid
828 1527 999 1615 althalia,
1018 1538 1053 1595 ut
1067 1525 1182 1595 scilieet

51 1626 183 1697 faciliter
212 1629 331 1701 61141.
356 1632 488 1704 Evidens
509 1644 558 1703 est
579 1653 754 1704 sermonem
789 1632 840 1700 hie
863 1631 926 1699 lieri
949 1630 986 1698 de
1014 1627 1179 1714 habitibus,

48 1732 107 1819 qui
133 1730 260 1822 imperio
295 1735 459 1805 voluntatis
482 1736 651 1806 sulriaeent.
688 1736 861 1804 Admonere
905 1742 1008 1802 autem
1046 1751 1101 1819 par
1120 1739 1179 1813 est,

49 1829 162 1900 habitu
198 1836 503 1924 supernaturalium
538 1839 673 1908 utinen
710 1857 821 1925 posse,
856 1835 915 1904 nisi
940 1833 1037 1923 gratia
1074 1830 1183 1898 actunli

48 1933 244 2023 excitemur,
285 1938 351 2008 sine
373 1959 433 2028 qua
456 1940 579 2009 nullum
611 1949 715 2010 aetum
745 1939 1009 2027 supernaturalem
1044 1952 1183 2005 exercere

53 2036 207 2107 valemus.

101 2137 143 2206 X.
168 2139 219 2208 Aa
241 2159 386 2210 utamur
409 2160 429 2209 n
454 2161 651 2212 rarvnrmun
673 2161 739 2211 uun
766 2161 875 2212 aurun
893 2137 1184 2212 nnunnssus.Cunr

53 2240 118 2307 hoe
141 2239 359 2329 pronuntiatur
381 2241 532 2330 ellatum,
557 2243 677 2310 dubitus
700 2241 853 2330 significat
874 2244 1009 2330 formum
1034 2241 1079 2308 vel
1118 2260 1185 2329 per·

52 2338 228 2421 lectionem,
255 2342 329 2429 eui,
360 2341 406 2410 uti
429 2342 563 2413 diximus
586 2347 627 2431 ⁵,
653 2344 781 2432 privatio
820 2345 920 2432 aliqua
943 2343 1135 2434 apponitur,
1161 2342 1186 2409 i-

52 2440 177 2528 deoque
200 2440 281 2514 illius
304 2459 413 2514 sensus
447 2455 518 2512 est:
549 2447 659 2514 Forma
688 2445 751 2514 iam
773 2445 889 2532 habita,
913 2455 944 2513 et
967 2467 1020 2535 per
1043 2445 1187 2532 priuatio-

51 2561 129 2608 nem
152 2543 261 2612 amissa
296 2547 467 2637 recuperari
496 2568 559 2617 uon
590 2558 702 2638 potest.
740 2548 826 2627 Quod
849 2558 885 2616 ut
922 2558 1002 2616 reete
1037 2547 1187 2634 intelliga-

54 2653 121 2726 tur,
148 2642 218 2712 haee
250 2647 422 2716 adnotanda
452 2661 550 2719 sunt:
593 2651 675 2719 101
707 2651 876 2742 privatione
904 2651 991 2720 totali
1013 2649 1189 2719 non-datur

53 2747 245 2814 naturaliter
283 2769 440 2838 regressus
476 2753 514 2821 ad
543 2755 687 2823 eumdem
726 2775 883 2841 euasero,
919 2753 967 2822 rel
987 2753 1083 2843 speeie
1105 2751 1190 2820 habi·

53 2861 140 2918 turn.
164 2851 242 2921 Hine
265 2874 281 2920 a
306 2866 405 2926 marte
434 2858 600 2944 advitam,
625 2879 642 2924 a
672 2859 820 2926 surditate
842 2859 880 2926 ad
903 2857 1056 2944 auditum,
1082 2877 1099 2924 a
1122 2877 1192 2925 eae-

55 2952 154 3023 eitale
176 2955 214 3022 ad
238 2955 338 3026 uisum
361 2961 445 3027 nulla
475 2960 658 3030 naturaliter
671 2970 718 3030 est
733 2961 903 3029 conversio.
931 2959 1121 3028 lltaturultter
1145 2957 1192 3024 in-

57 3054 201 3144 quimus,
227 3077 299 3125 nam
322 3079 408 3128 secus
430 3081 446 3127 a
472 3062 637 3148 priuatione
663 3059 745 3129 totali
765 3062 802 3128 ad
817 3061 958 3128 eumdem
982 3059 1122 3127 habitum
1144 3078 1192 3126 re·

58 3178 190 3246 gressus
212 3158 278 3226 fieri
302 3170 411 3248 potest.
438 3160 482 3228 lta
503 3161 641 3231 Christus
656 3162 809 3248 eumdem,
827 3164 923 3251 speeie
946 3162 1067 3246 saltem,
1091 3160 1192 3242 uisum

59 3255 161 3328 caecis
185 3258 334 3342 restituit3
359 3270 390 3328 et
413 3261 551 3330 eamdem
574 3283 706 3331 nurnero
739 3263 872 3330 animam
897 3261 929 3330 in
954 3259 1056 3329 Lazari
1080 3281 1193 3351 eorpus

62 3360 167 3430 redire
189 3361 288 3431 iussit.
315 3364 348 3433 2⁰
372 3362 403 3430 Si
426 3364 553 3454 privatio
576 3365 615 3434 sit
637 3365 798 3454 partialis,
821 3365 998 3454 imperfecta
1024 3372 1054 3430 et
1077 3366 1194 3453 impro-

62 3465 153 3553 prie,
176 3466 214 3533 ab
235 3486 267 3534 ea
291 3467 328 3534 nd
351 3468 493 3536 eumdem
516 3488 647 3537 ttuaaera
669 3467 809 3536 habiturn
840 3487 904 3536 nen
927 3465 1056 3552 reditur,
1081 3466 1131 3533 sed
1156 3469 1194 3534 ad

108 3666 134 3738 Ι)
156 3682 168 3725 a
189 3669 250 3740 lpse
269 3680 313 3728 est
332 3670 457 3743 habitus,
476 3689 534 3745 quo
553 3672 660 3747 aliquid
678 3672 787 3746 agitur,
806 3686 873 3727 eum
893 3686 965 3741 opus
984 3679 1037 3742 est,
1057 3685 1124 3727 cum
1143 3687 1194 3727 au·

62 3762 127 3810 tem
149 3771 206 3812 non
226 3757 336 3830 agitur,
356 3768 447 3828 potest
467 3761 528 3833 agi,
548 3763 597 3818 sed
618 3776 675 3816 non
695 3774 776 3829 opus·
792 3768 846 3814 est.
859 3758 960 3815 ..Nee
977 3758 1128 3828 quisquam
1149 3759 1192 3814 eis

65 3838 146 3897 bene
164 3841 276 3912 utitur,
296 3843 347 3899 nisi
366 3844 415 3914 qui
434 3855 463 3902 et
481 3859 537 3900 nau
557 3845 596 3901 uti
616 3854 708 3916 potest
728 3859 756 3914 a;
782 3859 806 3900 s.
827 3843 914 3916 Aug,
935 3843 979 3897 De
997 3843 1073 3900 tono
1091 3843 1192 3900 eoniu-

66 3925 145 3999 9111,
165 3941 193 3982 1.
212 3925 259 3998 21,
280 3943 308 3982 n.
328 3926 375 3984 25.

104 4013 129 4078 2)
150 4009 186 4067 Cf
200 4028 227 4085 p.
249 4009 312 4067 tau.
1090 4020 1093 4029 '
1145 4037 1148 4042 ·

106 4094 131 4165 3)
151 4094 212 4150 Vid.
233 4112 257 4153 s.
278 4097 393 4168 Tuom,
415 4095 446 4153 l·
459 4097 519 4169 2⁸⁹,
538 4116 566 4169 q.
586 4098 643 4172 tlt,
664 4115 692 4157 u.
713 4097 730 4154 1
748 4115 791 4172 1.,
809 4107 838 4157 11
856 4115 883 4169 q.
904 4096 1003 4168 LXXl,
1022 4111 1052 4171 1.
1072 4093 1092 4149 d
1111 4110 1138 4150 1.

103 4182 130 4249 4)
149 4180 178 4234 ln
199 4180 248 4237 lib.
270 4182 293 4236 ll
313 4183 407 4256 Sent,
427 4185 494 4243 illst.
516 4183 630 4255 xxtltt,
649 4203 676 4256 q.
698 4185 720 4258 l,
741 4203 769 4244 a.
795 4185 805 4238 1
827 4185 865 4241 11
884 4182 913 4241 t.
1098 4190 1101 4195 ⁴

105 4267 132 4334 ⁵)
152 4265 182 4320 P.
207 4264 269 4323 156.

141 4361 475 4435 &monumemtum
985 4358 1018 4417 ¹¹
