<?xml version="1.0" encoding="UTF-8"?>
<!DOCTYPE html PUBLIC "-//W3C//DTD XHTML 1.0 Transitional//EN"
    "http://www.w3.org/TR/xhtml1/DTD/xhtml1-transitional.dtd">
<html xmlns="http://www.w3.org/1999/xhtml" xml:lang="en" lang="en">
 <head>
  <title>
</title>
<meta http-equiv="Content-Type" content="text/html;charset=utf-8" />
  <meta name='ocr-system' content='tesseract 3.04.00' />
  <meta name='ocr-capabilities' content='ocr_page ocr_carea ocr_par ocr_line ocrx_word'/>
</head>
<body>
  <div class='ocr_page' id='page_1' title='image "./lexiconperipate00signgoog/lexiconperipate00signgoog_0124.png"; bbox 0 0 2760 4770; ppageno 0'>
   <div class='ocr_carea' id='block_1_1' title="bbox 31 402 1227 3667">
    <p class='ocr_par' dir='ltr' id='par_1_1' title="bbox 50 402 1183 601">
     <span class='ocr_line' id='line_1_1' title="bbox 50 402 1183 498; baseline -0.004 -22"><span class='ocrx_word' id='word_1_1' title='bbox 50 409 136 478; x_wconf 89' lang='lat' dir='ltr'>unde</span> <span class='ocrx_word' id='word_1_2' title='bbox 158 402 285 480; x_wconf 83' lang='lat' dir='ltr'>ollactus</span> <span class='ocrx_word' id='word_1_3' title='bbox 308 428 385 480; x_wconf 91' lang='lat' dir='ltr'>non</span> <span class='ocrx_word' id='word_1_4' title='bbox 401 407 600 498; x_wconf 85' lang='lat' dir='ltr'>consequitur</span> <span class='ocrx_word' id='word_1_5' title='bbox 622 404 753 492; x_wconf 82' lang='lat' dir='ltr'>speeiem</span> <span class='ocrx_word' id='word_1_6' title='bbox 776 402 905 494; x_wconf 74' lang='lat' dir='ltr'>agentis,</span> <span class='ocrx_word' id='word_1_7' title='bbox 929 402 980 472; x_wconf 87' lang='lat' dir='ltr'>sod</span> <span class='ocrx_word' id='word_1_8' title='bbox 996 404 1129 492; x_wconf 78' lang='lat' dir='ltr'>aliquam</span> <span class='ocrx_word' id='word_1_9' title='bbox 1143 404 1183 472; x_wconf 83' lang='lat' dir='ltr'>si·</span> 
     </span>
     <span class='ocr_line' id='line_1_2' title="bbox 52 505 829 601; baseline -0.005 -24"><span class='ocrx_word' id='word_1_10' title='bbox 52 511 262 581; x_wconf 72' lang='lat' dir='ltr'><strong>militudinem</strong></span> <span class='ocrx_word' id='word_1_11' title='bbox 285 511 351 582; x_wconf 87' lang='lat' dir='ltr'>eius</span> <span class='ocrx_word' id='word_1_12' title='bbox 372 521 524 601; x_wconf 88' lang='lat' dir='ltr'>quantum</span> <span class='ocrx_word' id='word_1_13' title='bbox 547 506 646 597; x_wconf 80' lang='lat' dir='ltr'>po&#39;test</span> <span class='ocrx_word' id='word_1_14' title='bbox 670 505 682 547; x_wconf 89' lang='lat'>¹</span> <span class='ocrx_word' id='word_1_15' title='bbox 709 530 740 576; x_wconf 78' lang='lat' dir='ltr'>a.</span> <span class='ocrx_word' id='word_1_16' title='bbox 824 517 829 522; x_wconf 78' lang='grc'><strong>’</strong></span> 
     </span>
    </p>

    <p class='ocr_par' dir='ltr' id='par_1_2' title="bbox 52 609 1184 1007">
     <span class='ocr_line' id='line_1_3' title="bbox 100 609 1183 706; baseline -0.004 -23"><span class='ocrx_word' id='word_1_17' title='bbox 100 615 149 684; x_wconf 84' lang='lat' dir='ltr'>Ex</span> <span class='ocrx_word' id='word_1_18' title='bbox 169 616 219 684; x_wconf 87' lang='lat' dir='ltr'>his</span> <span class='ocrx_word' id='word_1_19' title='bbox 242 615 425 706; x_wconf 73' lang='lat' dir='ltr'>intelligitur</span> <span class='ocrx_word' id='word_1_20' title='bbox 453 635 516 684; x_wconf 94' lang='lat' dir='ltr'>non</span> <span class='ocrx_word' id='word_1_21' title='bbox 539 622 691 701; x_wconf 89' lang='lat' dir='ltr'>oportere,</span> <span class='ocrx_word' id='word_1_22' title='bbox 717 621 754 679; x_wconf 90' lang='lat' dir='ltr'>ut</span> <span class='ocrx_word' id='word_1_23' title='bbox 776 609 934 701; x_wconf 87' lang='lat' dir='ltr'>proportio</span> <span class='ocrx_word' id='word_1_24' title='bbox 954 621 1081 689; x_wconf 76' lang='lat' dir='ltr'>natiuae</span> <span class='ocrx_word' id='word_1_25' title='bbox 1104 611 1183 682; x_wconf 78' lang='lat' dir='ltr'>inter</span> 
     </span>
     <span class='ocr_line' id='line_1_4' title="bbox 52 712 1183 801; baseline -0.002 -16"><span class='ocrx_word' id='word_1_26' title='bbox 52 738 177 786; x_wconf 86' lang='lat' dir='ltr'>causam</span> <span class='ocrx_word' id='word_1_27' title='bbox 198 728 230 788; x_wconf 92' lang='lat' dir='ltr'>el</span> <span class='ocrx_word' id='word_1_28' title='bbox 251 718 395 790; x_wconf 86' lang='lat' dir='ltr'>ellectum</span> <span class='ocrx_word' id='word_1_29' title='bbox 414 717 534 786; x_wconf 84' lang='lat' dir='ltr'>existat.</span> <span class='ocrx_word' id='word_1_30' title='bbox 550 713 696 793; x_wconf 74' lang='lat' dir='ltr'>Quocirca</span> <span class='ocrx_word' id='word_1_31' title='bbox 718 712 834 782; x_wconf 84' lang='lat' dir='ltr'>insulse</span> <span class='ocrx_word' id='word_1_32' title='bbox 849 715 1003 801; x_wconf 87' lang='lat' dir='ltr'>prolatum</span> <span class='ocrx_word' id='word_1_33' title='bbox 1027 714 1183 792; x_wconf 85' lang='lat' dir='ltr'>theorema</span> 
     </span>
     <span class='ocr_line' id='line_1_5' title="bbox 53 815 1184 910; baseline -0.001 -23"><span class='ocrx_word' id='word_1_34' title='bbox 53 818 220 907; x_wconf 61' lang='lat' dir='ltr'>adhibent,</span> <span class='ocrx_word' id='word_1_35' title='bbox 243 820 298 909; x_wconf 77' lang='lat' dir='ltr'>qui</span> <span class='ocrx_word' id='word_1_36' title='bbox 318 841 356 890; x_wconf 80' lang='lat' dir='ltr'>ex</span> <span class='ocrx_word' id='word_1_37' title='bbox 375 820 446 910; x_wconf 69' lang='lat' dir='ltr'>&#39;ipso</span> <span class='ocrx_word' id='word_1_38' title='bbox 469 818 544 888; x_wconf 92' lang='lat' dir='ltr'>illud</span> <span class='ocrx_word' id='word_1_39' title='bbox 574 817 718 906; x_wconf 81' lang='lat' dir='ltr'>consequi</span> <span class='ocrx_word' id='word_1_40' title='bbox 740 815 930 907; x_wconf 81' lang='lat' dir='ltr'>opinamur,</span> <span class='ocrx_word' id='word_1_41' title='bbox 954 819 1037 906; x_wconf 90' lang='lat' dir='ltr'>quod</span> <span class='ocrx_word' id='word_1_42' title='bbox 1058 819 1097 886; x_wconf 87' lang='lat' dir='ltr'>ab</span> <span class='ocrx_word' id='word_1_43' title='bbox 1118 819 1184 888; x_wconf 82' lang='lat' dir='ltr'>exi·</span> 
     </span>
     <span class='ocr_line' id='line_1_6' title="bbox 53 916 879 1007; baseline 0.001 -20"><span class='ocrx_word' id='word_1_44' title='bbox 53 922 163 990; x_wconf 70' lang='lat' dir='ltr'>atentia</span> <span class='ocrx_word' id='word_1_45' title='bbox 186 923 293 990; x_wconf 91' lang='lat' dir='ltr'>mundi</span> <span class='ocrx_word' id='word_1_46' title='bbox 315 920 472 992; x_wconf 81' lang='lat' dir='ltr'>existentia</span> <span class='ocrx_word' id='word_1_47' title='bbox 497 920 549 988; x_wconf 84' lang='lat' dir='ltr'>[lei</span> <span class='ocrx_word' id='word_1_48' title='bbox 572 919 660 1007; x_wconf 82' lang='lat' dir='ltr'>argui</span> <span class='ocrx_word' id='word_1_49' title='bbox 685 939 747 988; x_wconf 94' lang='lat' dir='ltr'>non</span> <span class='ocrx_word' id='word_1_50' title='bbox 772 916 879 1007; x_wconf 89' lang='lat' dir='ltr'>possit.</span> 
     </span>
    </p>

    <p class='ocr_par' dir='ltr' id='par_1_3' title="bbox 31 1022 1227 3667">
     <span class='ocr_line' id='line_1_7' title="bbox 101 1022 1180 1105; baseline 0.006 -16"><span class='ocrx_word' id='word_1_51' title='bbox 101 1022 173 1105; x_wconf 58' lang='lat' dir='ltr'>llll,</span> <span class='ocrx_word' id='word_1_52' title='bbox 191 1022 361 1098; x_wconf 77' lang='lat' dir='ltr'>Erremus</span> <span class='ocrx_word' id='word_1_53' title='bbox 383 1046 462 1094; x_wconf 81' lang='lat' dir='ltr'>anun</span> <span class='ocrx_word' id='word_1_54' title='bbox 491 1044 624 1094; x_wconf 78' lang='lat' dir='ltr'>norisne</span> <span class='ocrx_word' id='word_1_55' title='bbox 643 1041 708 1092; x_wconf 79' lang='lat' dir='ltr'>nou</span> <span class='ocrx_word' id='word_1_56' title='bbox 726 1042 849 1092; x_wconf 81' lang='lat' dir='ltr'>rorusr</span> <span class='ocrx_word' id='word_1_57' title='bbox 875 1041 953 1092; x_wconf 75' lang='lat' dir='ltr'>ossa:</span> <span class='ocrx_word' id='word_1_58' title='bbox 978 1042 998 1090; x_wconf 79' lang='lat' dir='ltr'>t</span> <span class='ocrx_word' id='word_1_59' title='bbox 1022 1043 1180 1095; x_wconf 81' lang='lat' dir='ltr'>rtuntuus</span> 
     </span>
     <span class='ocr_line' id='line_1_8' title="bbox 53 1122 1227 1215; baseline 0.001 -20"><span class='ocrx_word' id='word_1_60' title='bbox 53 1141 171 1196; x_wconf 81' lang='lat' dir='ltr'>ctusts</span> <span class='ocrx_word' id='word_1_61' title='bbox 187 1126 369 1196; x_wconf 75' lang='lat' dir='ltr'>².&#39;Soilioet:</span> <span class='ocrx_word' id='word_1_62' title='bbox 395 1126 421 1195; x_wconf 78' lang='lat' dir='ltr'>l</span> <span class='ocrx_word' id='word_1_63' title='bbox 444 1125 695 1215; x_wconf 86' lang='lat' dir='ltr'>pluribuscausis</span> <span class='ocrx_word' id='word_1_64' title='bbox 716 1122 927 1208; x_wconf 73' lang='lat' dir='ltr'>elicientium,</span> <span class='ocrx_word' id='word_1_65' title='bbox 952 1125 1106 1213; x_wconf 83' lang='lat' dir='ltr'>totalibus,</span> <span class='ocrx_word' id='word_1_66' title='bbox 1131 1130 1184 1197; x_wconf 86' lang='lat' dir='ltr'>ad·</span> <span class='ocrx_word' id='word_1_67' title='bbox 1217 1161 1227 1173; x_wconf 78' lang='lat'><em>,</em></span> 
     </span>
     <span class='ocr_line' id='line_1_9' title="bbox 52 1225 1184 1316; baseline 0.004 -22"><span class='ocrx_word' id='word_1_68' title='bbox 52 1228 202 1316; x_wconf 83' lang='lat' dir='ltr'>aequatis,</span> <span class='ocrx_word' id='word_1_69' title='bbox 215 1227 370 1307; x_wconf 77' lang='lat' dir='ltr'>eiusdem!</span> <span class='ocrx_word' id='word_1_70' title='bbox 390 1230 519 1315; x_wconf 82' lang='lat' dir='ltr'>ordinis,</span> <span class='ocrx_word' id='word_1_71' title='bbox 544 1228 576 1299; x_wconf 89' lang='lat' dir='ltr'>in</span> <span class='ocrx_word' id='word_1_72' title='bbox 599 1237 669 1297; x_wconf 87' lang='lat' dir='ltr'>actu</span> <span class='ocrx_word' id='word_1_73' title='bbox 684 1225 832 1313; x_wconf 85' lang='lat' dir='ltr'>seeundo,</span> <span class='ocrx_word' id='word_1_74' title='bbox 855 1225 934 1294; x_wconf 91' lang='lat' dir='ltr'>idem</span> <span class='ocrx_word' id='word_1_75' title='bbox 958 1247 1088 1296; x_wconf 86' lang='lat' dir='ltr'>numero</span> <span class='ocrx_word' id='word_1_76' title='bbox 1111 1231 1184 1298; x_wconf 82' lang='lat' dir='ltr'>elio·</span> 
     </span>
     <span class='ocr_line' id='line_1_10' title="bbox 55 1327 1187 1420; baseline 0.004 -23"><span class='ocrx_word' id='word_1_77' title='bbox 55 1339 127 1397; x_wconf 88' lang='lat' dir='ltr'>ctus</span> <span class='ocrx_word' id='word_1_78' title='bbox 149 1329 281 1420; x_wconf 85' lang='lat' dir='ltr'>produci</span> <span class='ocrx_word' id='word_1_79' title='bbox 298 1353 362 1401; x_wconf 91' lang='lat' dir='ltr'>non</span> <span class='ocrx_word' id='word_1_80' title='bbox 386 1341 494 1419; x_wconf 89' lang='lat' dir='ltr'>potest:</span> <span class='ocrx_word' id='word_1_81' title='bbox 523 1354 537 1395; x_wconf 83' lang='lat' dir='ltr'>u</span> <span class='ocrx_word' id='word_1_82' title='bbox 565 1327 751 1418; x_wconf 80' lang='lat' dir='ltr'>Impossibile</span> <span class='ocrx_word' id='word_1_83' title='bbox 773 1338 840 1413; x_wconf 80' lang='lat' dir='ltr'>est,</span> <span class='ocrx_word' id='word_1_84' title='bbox 869 1329 954 1418; x_wconf 91' lang='lat' dir='ltr'>quod</span> <span class='ocrx_word' id='word_1_85' title='bbox 977 1328 1055 1398; x_wconf 87' lang='lat' dir='ltr'>duae</span> <span class='ocrx_word' id='word_1_86' title='bbox 1070 1351 1187 1408; x_wconf 68' lang='lat' dir='ltr'>causae,</span> 
     </span>
     <span class='ocr_line' id='line_1_11' title="bbox 54 1429 1183 1525; baseline 0.004 -25"><span class='ocrx_word' id='word_1_87' title='bbox 54 1435 224 1525; x_wconf 78' lang='lat' dir='ltr'>completae</span> <span class='ocrx_word' id='word_1_88' title='bbox 246 1433 309 1505; x_wconf 90' lang='lat' dir='ltr'>sint</span> <span class='ocrx_word' id='word_1_89' title='bbox 329 1433 522 1505; x_wconf 79' lang='lat' dir='ltr'>immediatae</span> <span class='ocrx_word' id='word_1_90' title='bbox 545 1431 640 1503; x_wconf 90' lang='lat' dir='ltr'>unius</span> <span class='ocrx_word' id='word_1_91' title='bbox 656 1435 692 1505; x_wconf 67' lang='lat' dir='ltr'>{et</span> <span class='ocrx_word' id='word_1_92' title='bbox 706 1429 842 1500; x_wconf 90' lang='lat' dir='ltr'>eiusdem</span> <span class='ocrx_word' id='word_1_93' title='bbox 865 1432 908 1499; x_wconf 92' lang='lat' dir='ltr'>rei</span> <span class='ocrx_word' id='word_1_94' title='bbox 926 1432 936 1470; x_wconf 80' lang='lat'><em>³</em></span> <span class='ocrx_word' id='word_1_95' title='bbox 957 1456 986 1500; x_wconf 79' lang='lat' dir='ltr'>a.</span> <span class='ocrx_word' id='word_1_96' title='bbox 1012 1430 1101 1502; x_wconf 87' lang='lat' dir='ltr'>Ratio</span> <span class='ocrx_word' id='word_1_97' title='bbox 1123 1447 1183 1522; x_wconf 86' lang='lat' dir='ltr'>est,</span> 
     </span>
     <span class='ocr_line' id='line_1_12' title="bbox 54 1532 1188 1625; baseline 0.007 -24"><span class='ocrx_word' id='word_1_98' title='bbox 54 1535 130 1624; x_wconf 87' lang='lat' dir='ltr'>qnia</span> <span class='ocrx_word' id='word_1_99' title='bbox 151 1535 183 1606; x_wconf 83' lang='lat' dir='ltr'>si</span> <span class='ocrx_word' id='word_1_100' title='bbox 194 1536 297 1625; x_wconf 89' lang='lat' dir='ltr'>plures</span> <span class='ocrx_word' id='word_1_101' title='bbox 317 1536 468 1606; x_wconf 87' lang='lat' dir='ltr'>eiusmodi</span> <span class='ocrx_word' id='word_1_102' title='bbox 488 1555 597 1605; x_wconf 87' lang='lat' dir='ltr'>causae</span> <span class='ocrx_word' id='word_1_103' title='bbox 610 1535 752 1605; x_wconf 77' lang='lat' dir='ltr'>,ualerent</span> <span class='ocrx_word' id='word_1_104' title='bbox 773 1532 871 1616; x_wconf 42' lang='lat' dir='ltr'>simul,</span> <span class='ocrx_word' id='word_1_105' title='bbox 889 1533 1031 1602; x_wconf 87' lang='lat' dir='ltr'>eumdem</span> <span class='ocrx_word' id='word_1_106' title='bbox 1054 1555 1188 1611; x_wconf 84' lang='lat' dir='ltr'>numero.</span> 
     </span>
     <span class='ocr_line' id='line_1_13' title="bbox 53 1634 1186 1727; baseline 0 -21"><span class='ocrx_word' id='word_1_107' title='bbox 53 1639 221 1727; x_wconf 90' lang='lat' dir='ltr'>producere</span> <span class='ocrx_word' id='word_1_108' title='bbox 243 1641 397 1725; x_wconf 83' lang='lat' dir='ltr'>ellectum,</span> <span class='ocrx_word' id='word_1_109' title='bbox 413 1648 515 1711; x_wconf 88' lang='lat' dir='ltr'>essent</span> <span class='ocrx_word' id='word_1_110' title='bbox 529 1649 560 1715; x_wconf 89' lang='lat' dir='ltr'>et</span> <span class='ocrx_word' id='word_1_111' title='bbox 575 1657 638 1706; x_wconf 93' lang='lat' dir='ltr'>non</span> <span class='ocrx_word' id='word_1_112' title='bbox 653 1646 755 1706; x_wconf 89' lang='lat' dir='ltr'>essent</span> <span class='ocrx_word' id='word_1_113' title='bbox 770 1634 865 1706; x_wconf 92' lang='lat' dir='ltr'>simul</span> <span class='ocrx_word' id='word_1_114' title='bbox 888 1638 1009 1723; x_wconf 61' lang='lat' dir='ltr'>totalem</span> <span class='ocrx_word' id='word_1_115' title='bbox 1034 1636 1186 1727; x_wconf 58' lang='lat' dir='ltr'>noeque</span> 
     </span>
     <span class='ocr_line' id='line_1_14' title="bbox 56 1738 1187 1830; baseline 0.002 -21"><span class='ocrx_word' id='word_1_116' title='bbox 56 1752 118 1828; x_wconf 80' lang='lat' dir='ltr'>tae,</span> <span class='ocrx_word' id='word_1_117' title='bbox 142 1751 173 1810; x_wconf 90' lang='lat' dir='ltr'>et</span> <span class='ocrx_word' id='word_1_118' title='bbox 187 1740 219 1810; x_wconf 92' lang='lat' dir='ltr'>in</span> <span class='ocrx_word' id='word_1_119' title='bbox 233 1753 304 1812; x_wconf 85' lang='lat' dir='ltr'>actu</span> <span class='ocrx_word' id='word_1_120' title='bbox 319 1743 467 1813; x_wconf 77' lang='lat' dir='ltr'>suanno,</span> <span class='ocrx_word' id='word_1_121' title='bbox 485 1741 595 1812; x_wconf 83' lang='lat' dir='ltr'>Essent</span> <span class='ocrx_word' id='word_1_122' title='bbox 610 1739 735 1830; x_wconf 87' lang='lat' dir='ltr'>quidem</span> <span class='ocrx_word' id='word_1_123' title='bbox 756 1759 792 1808; x_wconf 84' lang='lat' dir='ltr'>ex</span> <span class='ocrx_word' id='word_1_124' title='bbox 809 1738 982 1828; x_wconf 77' lang='lat' dir='ltr'>hypothesi.</span> <span class='ocrx_word' id='word_1_125' title='bbox 1003 1738 1072 1808; x_wconf 88' lang='lat' dir='ltr'>Non</span> <span class='ocrx_word' id='word_1_126' title='bbox 1086 1755 1187 1811; x_wconf 88' lang='lat' dir='ltr'>esseut</span> 
     </span>
     <span class='ocr_line' id='line_1_15' title="bbox 54 1841 1186 1931; baseline 0.004 -22"><span class='ocrx_word' id='word_1_127' title='bbox 54 1851 172 1931; x_wconf 85' lang='lat' dir='ltr'>aulem,</span> <span class='ocrx_word' id='word_1_128' title='bbox 196 1842 269 1931; x_wconf 83' lang='lat' dir='ltr'>quia</span> <span class='ocrx_word' id='word_1_129' title='bbox 291 1857 382 1913; x_wconf 87' lang='lat' dir='ltr'>eausa</span> <span class='ocrx_word' id='word_1_130' title='bbox 410 1846 575 1931; x_wconf 87' lang='lat' dir='ltr'>completa,</span> <span class='ocrx_word' id='word_1_131' title='bbox 601 1844 713 1929; x_wconf 86' lang='lat' dir='ltr'>totalis,</span> <span class='ocrx_word' id='word_1_132' title='bbox 736 1851 768 1910; x_wconf 90' lang='lat' dir='ltr'>et</span> <span class='ocrx_word' id='word_1_133' title='bbox 789 1841 966 1928; x_wconf 79' lang='lat' dir='ltr'>adaequata,</span> <span class='ocrx_word' id='word_1_134' title='bbox 992 1841 1023 1908; x_wconf 92' lang='lat' dir='ltr'>in</span> <span class='ocrx_word' id='word_1_135' title='bbox 1046 1854 1117 1911; x_wconf 92' lang='lat' dir='ltr'>actu</span> <span class='ocrx_word' id='word_1_136' title='bbox 1139 1864 1186 1913; x_wconf 89' lang='lat' dir='ltr'>se-</span> 
     </span>
     <span class='ocr_line' id='line_1_16' title="bbox 55 1943 1186 2036; baseline 0.002 -25"><span class='ocrx_word' id='word_1_137' title='bbox 55 1946 160 2016; x_wconf 88' lang='lat' dir='ltr'>cundo</span> <span class='ocrx_word' id='word_1_138' title='bbox 182 1943 223 2012; x_wconf 89' lang='lat' dir='ltr'>ita</span> <span class='ocrx_word' id='word_1_139' title='bbox 247 1947 386 2036; x_wconf 88' lang='lat' dir='ltr'>producit</span> <span class='ocrx_word' id='word_1_140' title='bbox 408 1956 509 2016; x_wconf 91' lang='lat' dir='ltr'>lotum</span> <span class='ocrx_word' id='word_1_141' title='bbox 532 1945 692 2031; x_wconf 84' lang='lat' dir='ltr'>ellectum,</span> <span class='ocrx_word' id='word_1_142' title='bbox 722 1953 759 2012; x_wconf 87' lang='lat' dir='ltr'>ut</span> <span class='ocrx_word' id='word_1_143' title='bbox 781 1943 907 2017; x_wconf 82' lang='lat' dir='ltr'>alterius</span> <span class='ocrx_word' id='word_1_144' title='bbox 929 1963 1038 2012; x_wconf 89' lang='lat' dir='ltr'>causae</span> <span class='ocrx_word' id='word_1_145' title='bbox 1058 1964 1186 2015; x_wconf 90' lang='lat' dir='ltr'>consor-</span> 
     </span>
     <span class='ocr_line' id='line_1_17' title="bbox 57 2045 1189 2136; baseline 0.004 -24"><span class='ocrx_word' id='word_1_146' title='bbox 57 2048 138 2114; x_wconf 84' lang='lat' dir='ltr'>tium</span> <span class='ocrx_word' id='word_1_147' title='bbox 161 2048 313 2134; x_wconf 84' lang='lat' dir='ltr'>excludut‚</span> <span class='ocrx_word' id='word_1_148' title='bbox 338 2068 426 2119; x_wconf 89' lang='lat' dir='ltr'>secus</span> <span class='ocrx_word' id='word_1_149' title='bbox 449 2070 514 2118; x_wconf 91' lang='lat' dir='ltr'>non</span> <span class='ocrx_word' id='word_1_150' title='bbox 537 2057 617 2118; x_wconf 87' lang='lat' dir='ltr'>esset</span> <span class='ocrx_word' id='word_1_151' title='bbox 648 2049 747 2116; x_wconf 87' lang='lat' dir='ltr'>totalis</span> <span class='ocrx_word' id='word_1_152' title='bbox 769 2055 830 2116; x_wconf 90' lang='lat' dir='ltr'>etc.</span> <span class='ocrx_word' id='word_1_153' title='bbox 863 2045 951 2125; x_wconf 79' lang='lat' dir='ltr'>ouon</span> <span class='ocrx_word' id='word_1_154' title='bbox 975 2056 1074 2136; x_wconf 91' lang='lat' dir='ltr'>potest</span> <span class='ocrx_word' id='word_1_155' title='bbox 1096 2048 1189 2117; x_wconf 88' lang='lat' dir='ltr'>etiam</span> 
     </span>
     <span class='ocr_line' id='line_1_18' title="bbox 58 2141 1189 2240; baseline 0.004 -23"><span class='ocrx_word' id='word_1_156' title='bbox 58 2147 206 2219; x_wconf 73' lang='lat' dir='ltr'>‹leolemri</span> <span class='ocrx_word' id='word_1_157' title='bbox 230 2150 367 2221; x_wconf 86' lang='lat' dir='ltr'>huncio</span> <span class='ocrx_word' id='word_1_158' title='bbox 389 2153 529 2223; x_wconf 84' lang='lat' dir='ltr'>modum:</span> <span class='ocrx_word' id='word_1_159' title='bbox 556 2150 692 2240; x_wconf 86' lang='lat' dir='ltr'>lmplicat</span> <span class='ocrx_word' id='word_1_160' title='bbox 710 2151 856 2220; x_wconf 82' lang='lat' dir='ltr'>effectum</span> <span class='ocrx_word' id='word_1_161' title='bbox 871 2158 1005 2230; x_wconf 78' lang='lat' dir='ltr'>extolo‘</span> <span class='ocrx_word' id='word_1_162' title='bbox 1018 2141 1189 2238; x_wconf 76' lang='lat' dir='ltr'>dependere</span> 
     </span>
     <span class='ocr_line' id='line_1_19' title="bbox 57 2249 1190 2342; baseline 0.004 -25"><span class='ocrx_word' id='word_1_163' title='bbox 57 2249 97 2337; x_wconf 82' lang='lat' dir='ltr'>eb</span> <span class='ocrx_word' id='word_1_164' title='bbox 117 2250 220 2341; x_wconf 84' lang='lat' dir='ltr'>aliqua</span> <span class='ocrx_word' id='word_1_165' title='bbox 242 2272 344 2340; x_wconf 71' lang='lat' dir='ltr'>cause,</span> <span class='ocrx_word' id='word_1_166' title='bbox 368 2274 430 2342; x_wconf 89' lang='lat' dir='ltr'>qua</span> <span class='ocrx_word' id='word_1_167' title='bbox 453 2273 516 2322; x_wconf 93' lang='lat' dir='ltr'>non</span> <span class='ocrx_word' id='word_1_168' title='bbox 539 2252 699 2339; x_wconf 80' lang='lat' dir='ltr'>existente,</span> <span class='ocrx_word' id='word_1_169' title='bbox 723 2250 926 2321; x_wconf 87' lang='lat' dir='ltr'>nihilominus</span> <span class='ocrx_word' id='word_1_170' title='bbox 947 2261 1026 2322; x_wconf 89' lang='lat' dir='ltr'>esset</span> <span class='ocrx_word' id='word_1_171' title='bbox 1049 2251 1190 2336; x_wconf 63' lang='lat' dir='ltr'>ellectum</span> 
     </span>
     <span class='ocr_line' id='line_1_20' title="bbox 60 2345 1190 2444; baseline 0.006 -24"><span class='ocrx_word' id='word_1_172' title='bbox 60 2352 90 2420; x_wconf 92' lang='lat' dir='ltr'>id</span> <span class='ocrx_word' id='word_1_173' title='bbox 112 2345 195 2423; x_wconf 91' lang='lat' dir='ltr'>enim</span> <span class='ocrx_word' id='word_1_174' title='bbox 219 2365 298 2424; x_wconf 87' lang='lat' dir='ltr'>esset</span> <span class='ocrx_word' id='word_1_175' title='bbox 317 2368 356 2425; x_wconf 85' lang='lat' dir='ltr'>e&#39;x</span> <span class='ocrx_word' id='word_1_176' title='bbox 381 2366 446 2425; x_wconf 94' lang='lat' dir='ltr'>toto</span> <span class='ocrx_word' id='word_1_177' title='bbox 479 2355 648 2444; x_wconf 85' lang='lat' dir='ltr'>dependere</span> <span class='ocrx_word' id='word_1_178' title='bbox 674 2365 706 2423; x_wconf 90' lang='lat' dir='ltr'>et</span> <span class='ocrx_word' id='word_1_179' title='bbox 732 2374 795 2423; x_wconf 92' lang='lat' dir='ltr'>non</span> <span class='ocrx_word' id='word_1_180' title='bbox 828 2353 997 2443; x_wconf 88' lang='lat' dir='ltr'>dependere</span> <span class='ocrx_word' id='word_1_181' title='bbox 1020 2352 1190 2427; x_wconf 83' lang='lat' dir='ltr'>abeodem</span> 
     </span>
     <span class='ocr_line' id='line_1_21' title="bbox 60 2455 1192 2546; baseline 0.003 -24"><span class='ocrx_word' id='word_1_182' title='bbox 60 2473 164 2524; x_wconf 80' lang='lat' dir='ltr'>eausa.</span> <span class='ocrx_word' id='word_1_183' title='bbox 190 2455 281 2544; x_wconf 78' lang='lat' dir='ltr'>Atqui</span> <span class='ocrx_word' id='word_1_184' title='bbox 305 2457 477 2536; x_wconf 77' lang='lat' dir='ltr'>si&#39;elieelus</span> <span class='ocrx_word' id='word_1_185' title='bbox 499 2477 516 2523; x_wconf 93' lang='lat' dir='ltr'>a</span> <span class='ocrx_word' id='word_1_186' title='bbox 540 2455 680 2546; x_wconf 83' lang='lat' dir='ltr'>pluribus</span> <span class='ocrx_word' id='word_1_187' title='bbox 710 2456 810 2523; x_wconf 85' lang='lat' dir='ltr'>causis</span> <span class='ocrx_word' id='word_1_188' title='bbox 832 2455 981 2542; x_wconf 85' lang='lat' dir='ltr'>totalibus</span> <span class='ocrx_word' id='word_1_189' title='bbox 1000 2466 1060 2524; x_wconf 86' lang='lat' dir='ltr'>ete.</span> <span class='ocrx_word' id='word_1_190' title='bbox 1075 2456 1192 2546; x_wconf 53' lang='lat' dir='ltr'>produ}</span> 
     </span>
     <span class='ocr_line' id='line_1_22' title="bbox 60 2548 1189 2647; baseline 0.004 -23"><span class='ocrx_word' id='word_1_191' title='bbox 60 2567 194 2643; x_wconf 79' lang='lat' dir='ltr'>conetur,</span> <span class='ocrx_word' id='word_1_192' title='bbox 218 2579 235 2625; x_wconf 88' lang='lat' dir='ltr'>a</span> <span class='ocrx_word' id='word_1_193' title='bbox 257 2548 528 2647; x_wconf 74' lang='lat' dir='ltr'>qualibet&#39;illnrum</span> <span class='ocrx_word' id='word_1_194' title='bbox 544 2576 581 2624; x_wconf 87' lang='lat' dir='ltr'>ex</span> <span class='ocrx_word' id='word_1_195' title='bbox 601 2564 667 2624; x_wconf 91' lang='lat' dir='ltr'>toto</span> <span class='ocrx_word' id='word_1_196' title='bbox 681 2556 875 2643; x_wconf 80' lang='lat' dir='ltr'>dependeret,</span> <span class='ocrx_word' id='word_1_197' title='bbox 893 2576 953 2643; x_wconf 88' lang='lat' dir='ltr'>qua</span> <span class='ocrx_word' id='word_1_198' title='bbox 968 2578 1032 2625; x_wconf 92' lang='lat' dir='ltr'>nou</span> <span class='ocrx_word' id='word_1_199' title='bbox 1055 2558 1189 2641; x_wconf 86' lang='lat' dir='ltr'>existen·</span> 
     </span>
     <span class='ocr_line' id='line_1_23' title="bbox 62 2655 1190 2746; baseline 0.005 -23"><span class='ocrx_word' id='word_1_200' title='bbox 62 2669 104 2742; x_wconf 83' lang='lat' dir='ltr'>te,</span> <span class='ocrx_word' id='word_1_201' title='bbox 121 2657 324 2728; x_wconf 88' lang='lat' dir='ltr'>nihilominus</span> <span class='ocrx_word' id='word_1_202' title='bbox 346 2668 433 2745; x_wconf 72' lang='lat' dir='ltr'>esset,</span> <span class='ocrx_word' id='word_1_203' title='bbox 457 2659 530 2746; x_wconf 82' lang='lat' dir='ltr'>quia</span> <span class='ocrx_word' id='word_1_204' title='bbox 552 2657 702 2746; x_wconf 85' lang='lat' dir='ltr'>quaelibet</span> <span class='ocrx_word' id='word_1_205' title='bbox 716 2675 824 2725; x_wconf 86' lang='lat' dir='ltr'>eorum</span> <span class='ocrx_word' id='word_1_206' title='bbox 847 2655 972 2743; x_wconf 83' lang='lat' dir='ltr'>suffieit,</span> <span class='ocrx_word' id='word_1_207' title='bbox 998 2668 1034 2725; x_wconf 91' lang='lat' dir='ltr'>ut</span> <span class='ocrx_word' id='word_1_208' title='bbox 1056 2661 1190 2729; x_wconf 89' lang='lat' dir='ltr'>totaliter</span> 
     </span>
     <span class='ocr_line' id='line_1_24' title="bbox 63 2756 1188 2851; baseline 0.007 -28"><span class='ocrx_word' id='word_1_209' title='bbox 63 2758 153 2828; x_wconf 85' lang='lat' dir='ltr'>illurn</span> <span class='ocrx_word' id='word_1_210' title='bbox 178 2763 335 2849; x_wconf 83' lang='lat' dir='ltr'>producut3</span> <span class='ocrx_word' id='word_1_211' title='bbox 350 2770 426 2851; x_wconf 72' lang='lat' dir='ltr'>ergo</span> <span class='ocrx_word' id='word_1_212' title='bbox 448 2760 582 2851; x_wconf 87' lang='lat' dir='ltr'>implicat</span> <span class='ocrx_word' id='word_1_213' title='bbox 595 2759 738 2829; x_wconf 86' lang='lat' dir='ltr'>ellectum</span> <span class='ocrx_word' id='word_1_214' title='bbox 753 2759 791 2827; x_wconf 87' lang='lat' dir='ltr'>ab</span> <span class='ocrx_word' id='word_1_215' title='bbox 808 2756 867 2828; x_wconf 92' lang='lat' dir='ltr'>illis</span> <span class='ocrx_word' id='word_1_216' title='bbox 882 2758 1020 2849; x_wconf 87' lang='lat' dir='ltr'>produci.</span> <span class='ocrx_word' id='word_1_217' title='bbox 1037 2761 1188 2851; x_wconf 81' lang='lat' dir='ltr'>lliximus,</span> 
     </span>
     <span class='ocr_line' id='line_1_25' title="bbox 64 2860 1191 2953; baseline 0.006 -26"><span class='ocrx_word' id='word_1_218' title='bbox 64 2861 447 2946; x_wconf 60' lang='lat' dir='ltr'>commorationem</span> <span class='ocrx_word' id='word_1_219' title='bbox 470 2864 495 2931; x_wconf 90' lang='lat' dir='ltr'>si</span> <span class='ocrx_word' id='word_1_220' title='bbox 518 2861 581 2933; x_wconf 87' lang='lat' dir='ltr'>sint</span> <span class='ocrx_word' id='word_1_221' title='bbox 603 2861 714 2941; x_wconf 78' lang='lat' dir='ltr'>diuersi</span> <span class='ocrx_word' id='word_1_222' title='bbox 742 2860 870 2947; x_wconf 87' lang='lat' dir='ltr'>ordinis,</span> <span class='ocrx_word' id='word_1_223' title='bbox 895 2881 924 2929; x_wconf 86' lang='lat' dir='ltr'>e.</span> <span class='ocrx_word' id='word_1_224' title='bbox 943 2883 988 2950; x_wconf 80' lang='lat' dir='ltr'>g.‚</span> <span class='ocrx_word' id='word_1_225' title='bbox 1012 2885 1074 2932; x_wconf 90' lang='lat' dir='ltr'>una</span> <span class='ocrx_word' id='word_1_226' title='bbox 1098 2867 1191 2953; x_wconf 88' lang='lat' dir='ltr'>parli-</span> 
     </span>
     <span class='ocr_line' id='line_1_26' title="bbox 64 2961 1194 3053; baseline 0.006 -25"><span class='ocrx_word' id='word_1_227' title='bbox 64 2961 188 3049; x_wconf 83' lang='lat' dir='ltr'>culeris,</span> <span class='ocrx_word' id='word_1_228' title='bbox 212 2965 305 3033; x_wconf 87' lang='lat' dir='ltr'>altera</span> <span class='ocrx_word' id='word_1_229' title='bbox 329 2963 518 3052; x_wconf 82' lang='lat' dir='ltr'>universalis,</span> <span class='ocrx_word' id='word_1_230' title='bbox 542 2964 589 3032; x_wconf 89' lang='lat' dir='ltr'>vel</span> <span class='ocrx_word' id='word_1_231' title='bbox 612 2984 673 3031; x_wconf 90' lang='lat' dir='ltr'>una</span> <span class='ocrx_word' id='word_1_232' title='bbox 696 2961 958 3052; x_wconf 66' lang='lat' dir='ltr'>proximantem</span> <span class='ocrx_word' id='word_1_233' title='bbox 981 2976 1107 3053; x_wconf 81' lang='lat' dir='ltr'>remota,</span> <span class='ocrx_word' id='word_1_234' title='bbox 1133 2967 1194 3051; x_wconf 81' lang='lat' dir='ltr'>iam</span> 
     </span>
     <span class='ocr_line' id='line_1_27' title="bbox 67 3063 1194 3155; baseline 0.006 -26"><span class='ocrx_word' id='word_1_235' title='bbox 67 3065 185 3132; x_wconf 87' lang='lat' dir='ltr'>tollitur</span> <span class='ocrx_word' id='word_1_236' title='bbox 207 3065 417 3148; x_wconf 79' lang='lat' dir='ltr'>contradicti03</span> <span class='ocrx_word' id='word_1_237' title='bbox 443 3085 505 3132; x_wconf 93' lang='lat' dir='ltr'>non</span> <span class='ocrx_word' id='word_1_238' title='bbox 529 3067 612 3134; x_wconf 86' lang='lat' dir='ltr'>enirn</span> <span class='ocrx_word' id='word_1_239' title='bbox 634 3073 708 3135; x_wconf 87' lang='lat' dir='ltr'>sunt</span> <span class='ocrx_word' id='word_1_240' title='bbox 721 3063 900 3151; x_wconf 80' lang='lat' dir='ltr'>completae,</span> <span class='ocrx_word' id='word_1_241' title='bbox 924 3067 1030 3135; x_wconf 87' lang='lat' dir='ltr'>letales</span> <span class='ocrx_word' id='word_1_242' title='bbox 1052 3068 1194 3155; x_wconf 72' lang='lat' dir='ltr'>eladae</span> 
     </span>
     <span class='ocr_line' id='line_1_28' title="bbox 65 3166 1194 3256; baseline 0.006 -25"><span class='ocrx_word' id='word_1_243' title='bbox 65 3175 176 3251; x_wconf 77' lang='lat' dir='ltr'>artatae</span> <span class='ocrx_word' id='word_1_244' title='bbox 197 3168 364 3237; x_wconf 83' lang='lat' dir='ltr'>secundum</span> <span class='ocrx_word' id='word_1_245' title='bbox 393 3168 495 3255; x_wconf 85' lang='lat' dir='ltr'>idem,</span> <span class='ocrx_word' id='word_1_246' title='bbox 531 3187 642 3256; x_wconf 90' lang='lat' dir='ltr'>nempe</span> <span class='ocrx_word' id='word_1_247' title='bbox 666 3166 835 3235; x_wconf 89' lang='lat' dir='ltr'>secundum</span> <span class='ocrx_word' id='word_1_248' title='bbox 865 3169 1008 3235; x_wconf 89' lang='lat' dir='ltr'>eumdem</span> <span class='ocrx_word' id='word_1_249' title='bbox 1037 3170 1194 3245; x_wconf 80' lang='lat' dir='ltr'>ordinem.</span> 
     </span>
     <span class='ocr_line' id='line_1_29' title="bbox 31 3266 1194 3364; baseline 0.015 -37"><span class='ocrx_word' id='word_1_250' title='bbox 31 3323 34 3327; x_wconf 78' lang='grc'><strong><em>,</em></strong></span> <span class='ocrx_word' id='word_1_251' title='bbox 66 3266 146 3335; x_wconf 91' lang='lat' dir='ltr'>llioc</span> <span class='ocrx_word' id='word_1_252' title='bbox 168 3268 247 3338; x_wconf 92' lang='lat' dir='ltr'>idem</span> <span class='ocrx_word' id='word_1_253' title='bbox 270 3270 394 3340; x_wconf 85' lang='lat' dir='ltr'>elluatus</span> <span class='ocrx_word' id='word_1_254' title='bbox 418 3280 499 3340; x_wconf 91' lang='lat' dir='ltr'>totus</span> <span class='ocrx_word' id='word_1_255' title='bbox 522 3267 701 3359; x_wconf 88' lang='lat' dir='ltr'>producitur</span> <span class='ocrx_word' id='word_1_256' title='bbox 721 3270 829 3357; x_wconf 83' lang='lat' dir='ltr'>olleo,</span> <span class='ocrx_word' id='word_1_257' title='bbox 845 3278 876 3337; x_wconf 91' lang='lat' dir='ltr'>et</span> <span class='ocrx_word' id='word_1_258' title='bbox 898 3291 915 3338; x_wconf 92' lang='lat' dir='ltr'>a</span> <span class='ocrx_word' id='word_1_259' title='bbox 938 3276 1097 3362; x_wconf 83' lang='lat' dir='ltr'>creaturis,</span> <span class='ocrx_word' id='word_1_260' title='bbox 1121 3277 1194 3364; x_wconf 87' lang='lat' dir='ltr'>quia</span> 
     </span>
     <span class='ocr_line' id='line_1_30' title="bbox 66 3364 1194 3462; baseline 0.007 -25"><span class='ocrx_word' id='word_1_261' title='bbox 66 3364 173 3438; x_wconf 85' lang='lat' dir='ltr'>abeis</span> <span class='ocrx_word' id='word_1_262' title='bbox 197 3368 332 3460; x_wconf 81' lang='lat' dir='ltr'>procedit</span> <span class='ocrx_word' id='word_1_263' title='bbox 355 3395 417 3442; x_wconf 92' lang='lat' dir='ltr'>nou</span> <span class='ocrx_word' id='word_1_264' title='bbox 442 3383 641 3462; x_wconf 85' lang='lat' dir='ltr'>tamquamu</span> <span class='ocrx_word' id='word_1_265' title='bbox 669 3372 784 3442; x_wconf 82' lang='lat' dir='ltr'>duobus</span> <span class='ocrx_word' id='word_1_266' title='bbox 814 3375 971 3460; x_wconf 74' lang='lat' dir='ltr'>repentibus</span> <span class='ocrx_word' id='word_1_267' title='bbox 998 3377 1092 3444; x_wconf 79' lang='lat' dir='ltr'>tertius</span> <span class='ocrx_word' id='word_1_268' title='bbox 1113 3379 1194 3445; x_wconf 83' lang='lat' dir='ltr'>ordi·</span> 
     </span>
     <span class='ocr_line' id='line_1_31' title="bbox 67 3473 1196 3569; baseline 0.01 -30"><span class='ocrx_word' id='word_1_269' title='bbox 67 3473 128 3560; x_wconf 79' lang='lat' dir='ltr'>nis,</span> <span class='ocrx_word' id='word_1_270' title='bbox 153 3474 206 3542; x_wconf 87' lang='lat' dir='ltr'>scd</span> <span class='ocrx_word' id='word_1_271' title='bbox 230 3477 377 3566; x_wconf 80' lang='lat' dir='ltr'>aprinae</span> <span class='ocrx_word' id='word_1_272' title='bbox 398 3483 426 3546; x_wconf 87' lang='lat' dir='ltr'>et</span> <span class='ocrx_word' id='word_1_273' title='bbox 449 3478 579 3546; x_wconf 81' lang='lat' dir='ltr'>secundo</span> <span class='ocrx_word' id='word_1_274' title='bbox 600 3483 709 3565; x_wconf 73' lang='lat' dir='ltr'>repenle</span> <span class='ocrx_word' id='word_1_275' title='bbox 723 3477 750 3545; x_wconf 80' lang='lat'>⁴.</span> <span class='ocrx_word' id='word_1_276' title='bbox 768 3475 856 3563; x_wconf 84' lang='lat' dir='ltr'>Item,</span> <span class='ocrx_word' id='word_1_277' title='bbox 882 3477 907 3546; x_wconf 91' lang='lat' dir='ltr'>si</span> <span class='ocrx_word' id='word_1_278' title='bbox 931 3478 1064 3549; x_wconf 76' lang='lat' dir='ltr'>diversae</span> <span class='ocrx_word' id='word_1_279' title='bbox 1088 3484 1196 3569; x_wconf 74' lang='lat' dir='ltr'>causac</span> 
     </span>
     <span class='ocr_line' id='line_1_32' title="bbox 69 3575 1195 3667; baseline 0.007 -25"><span class='ocrx_word' id='word_1_280' title='bbox 69 3575 219 3643; x_wconf 89' lang='lat' dir='ltr'>eiusmodi</span> <span class='ocrx_word' id='word_1_281' title='bbox 240 3591 352 3665; x_wconf 86' lang='lat' dir='ltr'>essent,</span> <span class='ocrx_word' id='word_1_282' title='bbox 377 3587 411 3665; x_wconf 79' lang='lat' dir='ltr'>al</span> <span class='ocrx_word' id='word_1_283' title='bbox 438 3587 646 3667; x_wconf 73' lang='lat' dir='ltr'>rememorent</span> <span class='ocrx_word' id='word_1_284' title='bbox 668 3580 777 3664; x_wconf 76' lang='lat' dir='ltr'>olium,</span> <span class='ocrx_word' id='word_1_285' title='bbox 802 3586 831 3644; x_wconf 86' lang='lat' dir='ltr'>el</span> <span class='ocrx_word' id='word_1_286' title='bbox 855 3599 919 3647; x_wconf 78' lang='lat' dir='ltr'>itata</span> <span class='ocrx_word' id='word_1_287' title='bbox 946 3581 984 3647; x_wconf 78' lang='lat' dir='ltr'>sil</span> <span class='ocrx_word' id='word_1_288' title='bbox 1007 3582 1195 3650; x_wconf 69' lang='lat' dir='ltr'>estrumen-</span> 
     </span>
    </p>
   </div>
   <div class='ocr_carea' id='block_1_2' title="bbox 66 3677 1196 3779">
    <p class='ocr_par' dir='ltr' id='par_1_4' title="bbox 66 3677 1196 3779">
     <span class='ocr_line' id='line_1_33' title="bbox 66 3677 1196 3779; baseline 0.011 -37"><span class='ocrx_word' id='word_1_289' title='bbox 66 3683 136 3746; x_wconf 86' lang='lat' dir='ltr'>lann</span> <span class='ocrx_word' id='word_1_290' title='bbox 159 3677 287 3749; x_wconf 78' lang='lat' dir='ltr'>ulterius</span> <span class='ocrx_word' id='word_1_291' title='bbox 302 3682 328 3751; x_wconf 79' lang='lat'>⁵.</span> <span class='ocrx_word' id='word_1_292' title='bbox 353 3681 516 3770; x_wconf 84' lang='lat' dir='ltr'>lliximus,</span> <span class='ocrx_word' id='word_1_293' title='bbox 540 3682 575 3750; x_wconf 87' lang='lat' dir='ltr'>in</span> <span class='ocrx_word' id='word_1_294' title='bbox 597 3686 669 3750; x_wconf 80' lang='lat' dir='ltr'>nolu</span> <span class='ocrx_word' id='word_1_295' title='bbox 689 3678 844 3760; x_wconf 47' lang='lat' dir='ltr'>mcccciv</span> <span class='ocrx_word' id='word_1_296' title='bbox 868 3700 940 3747; x_wconf 87' lang='lat' dir='ltr'>nam</span> <span class='ocrx_word' id='word_1_297' title='bbox 963 3681 987 3752; x_wconf 91' lang='lat' dir='ltr'>si</span> <span class='ocrx_word' id='word_1_298' title='bbox 1011 3704 1047 3751; x_wconf 80' lang='lat' dir='ltr'>ex</span> <span class='ocrx_word' id='word_1_299' title='bbox 1068 3684 1196 3779; x_wconf 76' lang='lat' dir='ltr'>dirersis</span> 
     </span>
    </p>
   </div>
   <div class='ocr_carea' id='block_1_3' title="bbox 108 3866 805 3945">
    <p class='ocr_par' dir='ltr' id='par_1_5' title="bbox 108 3866 805 3945">
     <span class='ocr_line' id='line_1_34' title="bbox 108 3866 805 3945; baseline 0.01 -23"><span class='ocrx_word' id='word_1_300' title='bbox 108 3867 132 3937; x_wconf 70' lang='grc' dir='ltr'>Ι)</span> <span class='ocrx_word' id='word_1_301' title='bbox 152 3866 183 3924; x_wconf 90' lang='lat' dir='ltr'>ln</span> <span class='ocrx_word' id='word_1_302' title='bbox 202 3868 251 3926; x_wconf 87' lang='lat' dir='ltr'>lib.</span> <span class='ocrx_word' id='word_1_303' title='bbox 271 3869 295 3926; x_wconf 91' lang='lat' dir='ltr'>ll</span> <span class='ocrx_word' id='word_1_304' title='bbox 313 3872 408 3945; x_wconf 70' lang='lat' dir='ltr'>Sunt,</span> <span class='ocrx_word' id='word_1_305' title='bbox 428 3871 496 3928; x_wconf 82' lang='lat' dir='ltr'>nist.</span> <span class='ocrx_word' id='word_1_306' title='bbox 517 3871 539 3943; x_wconf 90' lang='lat'>1,</span> <span class='ocrx_word' id='word_1_307' title='bbox 559 3888 587 3943; x_wconf 91' lang='lat' dir='ltr'>q.</span> <span class='ocrx_word' id='word_1_308' title='bbox 608 3869 640 3940; x_wconf 86' lang='lat' dir='ltr'>ll,</span> <span class='ocrx_word' id='word_1_309' title='bbox 661 3887 689 3926; x_wconf 82' lang='lat' dir='ltr'>e.</span> <span class='ocrx_word' id='word_1_310' title='bbox 707 3868 727 3926; x_wconf 85' lang='lat'>2</span> <span class='ocrx_word' id='word_1_311' title='bbox 746 3874 805 3939; x_wconf 71' lang='lat' dir='ltr'>sol.=</span> 
     </span>
    </p>
   </div>
   <div class='ocr_carea' id='block_1_4' title="bbox 102 3949 1192 4032">
    <p class='ocr_par' dir='ltr' id='par_1_6' title="bbox 102 3949 1192 4032">
     <span class='ocr_line' id='line_1_35' title="bbox 102 3949 1192 4032; baseline 0.003 -20"><span class='ocrx_word' id='word_1_312' title='bbox 102 3955 130 4026; x_wconf 87' lang='lat'>²)</span> <span class='ocrx_word' id='word_1_313' title='bbox 153 3972 166 4012; x_wconf 81' lang='lat' dir='ltr'>t</span> <span class='ocrx_word' id='word_1_314' title='bbox 188 3955 219 4012; x_wconf 88' lang='lat' dir='ltr'>ln</span> <span class='ocrx_word' id='word_1_315' title='bbox 237 3972 395 4028; x_wconf 85' lang='lat' dir='ltr'>corporum</span> <span class='ocrx_word' id='word_1_316' title='bbox 415 3958 552 4028; x_wconf 84' lang='lat' dir='ltr'>motibus,</span> <span class='ocrx_word' id='word_1_317' title='bbox 571 3957 606 4028; x_wconf 86' lang='lat' dir='ltr'>si,</span> <span class='ocrx_word' id='word_1_318' title='bbox 627 3958 763 4028; x_wconf 74' lang='lat' dir='ltr'>nicetes,</span> <span class='ocrx_word' id='word_1_319' title='bbox 784 3956 940 4030; x_wconf 80' lang='lat' dir='ltr'>diligenter</span> <span class='ocrx_word' id='word_1_320' title='bbox 958 3959 1099 4032; x_wconf 85' lang='lat' dir='ltr'>attendas,</span> <span class='ocrx_word' id='word_1_321' title='bbox 1123 3949 1192 4016; x_wconf 75' lang='lat' dir='ltr'>nllril</span> 
     </span>
    </p>
   </div>
   <div class='ocr_carea' id='block_1_5' title="bbox 63 4041 1193 4184">
    <p class='ocr_par' dir='ltr' id='par_1_7' title="bbox 63 4041 1193 4184">
     <span class='ocr_line' id='line_1_36' title="bbox 65 4041 1193 4180; baseline 0.007 -85"><span class='ocrx_word' id='word_1_322' title='bbox 65 4041 192 4180; x_wconf 69' lang='lat' dir='ltr'>omplno</span> <span class='ocrx_word' id='word_1_323' title='bbox 210 4057 227 4100; x_wconf 77' lang='lat' dir='ltr'>a</span> <span class='ocrx_word' id='word_1_324' title='bbox 246 4043 360 4102; x_wconf 86' lang='lat' dir='ltr'>duobus</span> <span class='ocrx_word' id='word_1_325' title='bbox 377 4043 454 4101; x_wconf 84' lang='lat' dir='ltr'>idem</span> <span class='ocrx_word' id='word_1_326' title='bbox 473 4043 537 4102; x_wconf 87' lang='lat' dir='ltr'>llerl</span> <span class='ocrx_word' id='word_1_327' title='bbox 550 4050 641 4114; x_wconf 84' lang='lat' dir='ltr'>potest</span> <span class='ocrx_word' id='word_1_328' title='bbox 655 4059 683 4116; x_wconf 74' lang='lat'>²3</span> <span class='ocrx_word' id='word_1_329' title='bbox 702 4059 726 4102; x_wconf 82' lang='lat' dir='ltr'>n.</span> <span class='ocrx_word' id='word_1_330' title='bbox 738 4044 827 4116; x_wconf 76' lang='lat' dir='ltr'>Aug.¹</span> <span class='ocrx_word' id='word_1_331' title='bbox 841 4044 897 4114; x_wconf 79' lang='lat' dir='ltr'>Ep.</span> <span class='ocrx_word' id='word_1_332' title='bbox 912 4045 953 4102; x_wconf 85' lang='lat' dir='ltr'>od</span> <span class='ocrx_word' id='word_1_333' title='bbox 972 4045 1096 4105; x_wconf 80' lang='lat' dir='ltr'>Nebrid.</span> <span class='ocrx_word' id='word_1_334' title='bbox 1119 4047 1193 4116; x_wconf 82' lang='lat' dir='ltr'>xlv,</span> 
     </span>
     <span class='ocr_line' id='line_1_37' title="bbox 63 4143 149 4184; baseline -0.023 -1"><span class='ocrx_word' id='word_1_335' title='bbox 63 4143 95 4184; x_wconf 89' lang='lat' dir='ltr'>n.</span> <span class='ocrx_word' id='word_1_336' title='bbox 141 4164 149 4181; x_wconf 93' lang='lat'><strong>.</strong></span> 
     </span>
    </p>
   </div>
   <div class='ocr_carea' id='block_1_6' title="bbox 102 4208 1024 4456">
    <p class='ocr_par' dir='ltr' id='par_1_8' title="bbox 102 4208 1024 4456">
     <span class='ocr_line' id='line_1_38' title="bbox 107 4208 884 4282; baseline 0.004 -17"><span class='ocrx_word' id='word_1_337' title='bbox 107 4210 130 4279; x_wconf 77' lang='grc'>3)</span> <span class='ocrx_word' id='word_1_338' title='bbox 149 4211 174 4280; x_wconf 87' lang='lat' dir='ltr'>l,</span> <span class='ocrx_word' id='word_1_339' title='bbox 193 4228 221 4281; x_wconf 82' lang='lat' dir='ltr'>u.</span> <span class='ocrx_word' id='word_1_340' title='bbox 242 4211 297 4282; x_wconf 75' lang='lat' dir='ltr'>tlt,</span> <span class='ocrx_word' id='word_1_341' title='bbox 317 4229 345 4270; x_wconf 85' lang='lat' dir='ltr'>a.</span> <span class='ocrx_word' id='word_1_342' title='bbox 366 4211 383 4268; x_wconf 81' lang='lat' dir='ltr'>ll</span> <span class='ocrx_word' id='word_1_343' title='bbox 402 4227 429 4268; x_wconf 87' lang='lat' dir='ltr'>c.</span> <span class='ocrx_word' id='word_1_344' title='bbox 449 4239 484 4256; x_wconf 89' lang='lat'>-</span> <span class='ocrx_word' id='word_1_345' title='bbox 504 4211 529 4281; x_wconf 83' lang='lat'>⁴)</span> <span class='ocrx_word' id='word_1_346' title='bbox 549 4209 571 4281; x_wconf 89' lang='lat' dir='ltr'>l,</span> <span class='ocrx_word' id='word_1_347' title='bbox 591 4228 619 4281; x_wconf 84' lang='lat' dir='ltr'>q.</span> <span class='ocrx_word' id='word_1_348' title='bbox 641 4211 701 4280; x_wconf 68' lang='lat' dir='ltr'>CV,</span> <span class='ocrx_word' id='word_1_349' title='bbox 717 4225 744 4265; x_wconf 83' lang='lat' dir='ltr'>a.</span> <span class='ocrx_word' id='word_1_350' title='bbox 765 4208 783 4264; x_wconf 91' lang='lat'>8</span> <span class='ocrx_word' id='word_1_351' title='bbox 801 4211 836 4265; x_wconf 83' lang='lat' dir='ltr'>ud</span> <span class='ocrx_word' id='word_1_352' title='bbox 855 4211 884 4268; x_wconf 86' lang='lat'>2.</span> 
     </span>
     <span class='ocr_line' id='line_1_39' title="bbox 106 4295 903 4370; baseline 0.004 -20"><span class='ocrx_word' id='word_1_353' title='bbox 106 4297 130 4363; x_wconf 70' lang='lat'>¹⁵)</span> <span class='ocrx_word' id='word_1_354' title='bbox 150 4296 182 4352; x_wconf 93' lang='lat' dir='ltr'>lo</span> <span class='ocrx_word' id='word_1_355' title='bbox 201 4298 251 4355; x_wconf 86' lang='lat' dir='ltr'>lib.</span> <span class='ocrx_word' id='word_1_356' title='bbox 272 4298 308 4353; x_wconf 96' lang='lat' dir='ltr'>lll</span> <span class='ocrx_word' id='word_1_357' title='bbox 326 4297 419 4370; x_wconf 75' lang='lat' dir='ltr'>senc,</span> <span class='ocrx_word' id='word_1_358' title='bbox 437 4298 505 4355; x_wconf 86' lang='lat' dir='ltr'>Dist.</span> <span class='ocrx_word' id='word_1_359' title='bbox 529 4297 624 4370; x_wconf 75' lang='lat' dir='ltr'>illul,</span> <span class='ocrx_word' id='word_1_360' title='bbox 643 4314 671 4368; x_wconf 86' lang='lat' dir='ltr'>q.</span> <span class='ocrx_word' id='word_1_361' title='bbox 690 4299 722 4369; x_wconf 78' lang='lat' dir='ltr'>l„</span> <span class='ocrx_word' id='word_1_362' title='bbox 735 4312 763 4352; x_wconf 87' lang='lat' dir='ltr'>e.</span> <span class='ocrx_word' id='word_1_363' title='bbox 786 4295 798 4351; x_wconf 95' lang='lat' dir='ltr'>l</span> <span class='ocrx_word' id='word_1_364' title='bbox 820 4298 856 4354; x_wconf 88' lang='lat' dir='ltr'>ad</span> <span class='ocrx_word' id='word_1_365' title='bbox 874 4295 903 4353; x_wconf 68' lang='grc' dir='ltr'>δ’.</span> 
     </span>
     <span class='ocr_line' id='line_1_40' title="bbox 102 4381 1024 4456; baseline 0.007 -22"><span class='ocrx_word' id='word_1_366' title='bbox 102 4381 308 4456; x_wconf 72' lang='lat' dir='ltr'>Sterculum,</span> <span class='ocrx_word' id='word_1_367' title='bbox 322 4386 450 4444; x_wconf 74' lang='lat' dir='ltr'>deaelcon</span> <span class='ocrx_word' id='word_1_368' title='bbox 1004 4381 1024 4440; x_wconf 87' lang='lat'><strong>8</strong></span> 
     </span>
    </p>
   </div>
   <div class='ocr_carea' id='block_1_7' title="bbox 0 0 1408 4770">
    <p class='ocr_par' dir='ltr' id='par_1_9' title="bbox 0 0 1408 4770">
     <span class='ocr_line' id='line_1_41' title="bbox 0 0 1408 4770; baseline 0 0"><span class='ocrx_word' id='word_1_369' title='bbox 0 0 1408 4770; x_wconf 95' lang='lat' dir='ltr'> </span> 
     </span>
    </p>
   </div>
  </div>
 </body>
</html>
