2760 4770
113 349 218 422 ‚Seons
241 369 312 419 vero
335 368 382 416 res
405 367 437 416 aa
455 348 545 416 habet
567 351 602 417 in
619 350 802 426 attentione
829 347 981 436 siquidem
1005 344 1082 416 finis
1105 362 1171 414 uon
1193 339 1248 411 nisi

123 463 286 542 postquam
310 449 388 520 actio
404 449 461 519 iam
484 450 632 538 completa
656 449 705 537 sit,
731 449 886 518 obtinetur
903 449 926 519 ¹.

170 551 300 639 Rursus,
325 552 367 618 illi
394 552 484 620 allato
507 552 564 618 hoe
595 550 677 618 aliud
707 552 896 640 respondet:
923 548 1015 618 Onne
1041 569 1154 620 ansus
1179 565 1247 617 aare

126 673 276 723 enarrer
301 673 410 723 aaran.
441 651 535 721 Cuius
558 650 638 719 ratio
660 673 697 720 ex
721 652 780 719 iarn
804 650 894 718 (lictis
916 651 1150 739 consequitur:
1177 651 1249 717 Cum

127 752 211 822 enirn
234 752 301 820 linis
323 753 364 822 sit
387 754 483 841 prima
506 753 586 822 inter
612 774 720 823 omnes
743 772 870 839 nausea,
909 772 1044 841 eumque
1065 752 1101 820 in
1126 749 1251 837 causis,

126 876 258 942 quarum
282 877 342 923 una
366 855 452 923 alteri
476 855 647 941 subiicitur,
673 854 827 923 subtracta
859 856 970 943 prima,
1002 864 1146 924 caeterae
1183 852 1253 922 sub·

129 956 300 1044 trahantur,
325 959 463 1047 sequitur
486 970 531 1046 ut,
556 961 712 1028 subtracto
735 960 813 1045 line,
837 978 944 1026 omnes
967 957 1045 1025 aliae
1067 976 1196 1037 causae,
1211 962 1254 1021 et-

130 1057 191 1125 iarn
213 1059 356 1148 efficiam,
381 1061 800 1150 subtrahantur².Quithuid
823 1081 897 1149 ergo
918 1061 1006 1147 agit,
1043 1058 1111 1148 agit
1135 1068 1254 1148 propter

129 1161 235 1227 finem.
277 1162 341 1230 lloe
364 1162 494 1249 arnplius
517 1165 718 1230 confirmatur
749 1183 787 1231 ex
809 1182 856 1247 eo,
880 1161 963 1250 quod
985 1179 1080 1228 omne
1103 1180 1202 1249 agens
1216 1158 1253 1226 el·

132 1262 245 1330 seetrrm
268 1263 504 1333 determinatum
534 1262 683 1351 producit,
701 1283 736 1329 ac
752 1262 877 1352 proinde
899 1259 1013 1350 aliquid
1036 1269 1253 1348 assamonei,

132 1369 358 1455 propterquod
382 1388 480 1434 unum
509 1367 650 1437 ellectum
676 1369 792 1456 polius,
816 1388 908 1456 qnam
931 1368 1028 1435 alium
1052 1364 1172 1453 gignit.
1198 1363 1255 1431 lam

135 1469 220 1554 illud,
245 1478 367 1557 propter
389 1469 470 1554 quod
494 1489 587 1556 agens
615 1467 727 1558 aliquid
764 1479 923 1558 operatur,
955 1469 1026 1557 {lais
1048 1466 1179 1535 dieitur.
1206 1465 1256 1532 Er·

136 1589 291 1660 goonrne
313 1588 407 1656 agens
431 1566 494 1656 agit
516 1579 640 1659 propter
663 1570 755 1637 finem
773 1570 797 1640 ³.
838 1557 842 1567 ’
1189 1591 1195 1602 ·
1296 1625 1297 1652 ,

180 1672 258 1738 Hine
280 1671 452 1739 refutantur
474 1671 527 1759 qui
552 1692 646 1760 agens
670 1673 808 1739 naturale
842 1679 953 1740 temere
986 1677 1018 1738 et
1040 1688 1118 1737 casu
1143 1664 1257 1758 operari
1295 1662 1297 1668 ⁴

134 1776 292 1842 blaterant.
320 1777 419 1860 Atque
441 1772 504 1862 ipsa
529 1786 678 1862 monstra,
707 1795 786 1864 qnae
809 1772 1026 1862 aliquando-in
1049 1784 1165 1840 natura
1190 1791 1258 1838 eon

134 1878 270 1966 tingunt,
289 1897 403 1943 eorum
418 1876 591 1945 -seutentiae
611 1879 818 1961 adversantun
833 1875 991 1967 siquidem,
1017 1875 1106 1944 sieut
1128 1875 1258 1946 detortus

135 1979 169 2047 in
192 1992 268 2065 arte,
294 1977 347 2066 qni
371 1987 508 2044 monstra
538 1976 621 2047 illius
643 1981 800 2064 dicuntur,
825 1989 921 2047 artem
945 1976 1065 2067 operari
1084 1988 1212 2066 propter
1229 1977 1259 2046 li-

136 2102 206 2149 nem
231 2079 420 2165 ostendunt,
446 2079 487 2146 ita
513 2100 549 2147 ex
575 2081 720 2166 monstris
744 2079 829 2146 laetis
857 2079 896 2145 ab
918 2088 1026 2165 agente
1050 2079 1190 2148 naturali
1215 2095 1259 2165 po·

136 2184 197 2251 tius
221 2182 368 2270 sequitur,
381 2182 462 2272 quod
485 2193 555 2270 agat
571 2193 694 2272 propter
709 2183 814 2253 linem.
834 2181 1067 2270 Etenim-sicut
1086 2196 1260 2254 monstmm

136 2286 170 2352 in
193 2294 256 2353 arte
277 2285 388 2352 dieitur
409 2285 490 2373 quod
515 2285 549 2350 lit
571 2297 689 2372 praeter
719 2287 855 2372 regulam
877 2282 954 2369 eius,
978 2292 1011 2351 et
1034 2286 1170 2372 proinde
1193 2308 1211 2354 a
1231 2287 1261 2353 fi-

138 2409 177 2459 ne
201 2385 284 2455 illius
307 2387 436 2470 aberrat3
462 2387 503 2455 ita
531 2397 705 2456 monstrum
731 2390 868 2456 naturale
890 2386 1001 2454 dieitur
1023 2389 1113 2476 quod
1140 2410 1195 2477 per
1216 2389 1261 2457 ali·

137 2491 208 2581 quid
233 2489 359 2558 turbans
382 2491 552 2557 naturalem
582 2489 787 2578 generationis
809 2491 947 2558 ordinem
970 2508 1036 2555 non
1061 2491 1102 2558 lit
1118 2502 1259 2560 consueto

139 2593 243 2680 modo,
266 2594 316 2659 sed
339 2612 356 2658 a
378 2594 439 2660 line
463 2595 609 2661 naturalis
632 2593 750 2681 agentis
773 2591 905 2673 recedit3
936 2603 968 2659 et
990 2592 1071 2678 ideo,
1098 2593 1126 2660 si
1149 2594 1260 2682 agentia

139 2694 286 2762 naturalia
299 2694 422 2761 >nullum
446 2691 501 2760 sibi
525 2694 693 2782 praeliatum
719 2693 810 2760 linem
835 2693 866 2760 in
883 2691 945 2760 suis
961 2693 1201 2781 operationibus
1214 2696 1257 2762 lta·

140 2797 259 2887 herent,
283 2796 402 2863 nullum
427 2805 548 2883 possent
570 2805 744 2862 monstrum
769 2796 933 2884 produoere
948 2792 974 2862 ⁴.
1020 2798 1032 2807 “

185 2897 266 2966 Circa
291 2898 370 2965 idem
393 2897 517 2966 allatum
542 2907 673 2985 praestat
693 2897 768 2965 illud
796 2897 889 2966 etiam
905 2898 1066 2985 adriotare,
1084 2899 1173 2988 quod
1195 2919 1255 2988 aaa·

139 3008 318 3093 eapropter
340 3002 434 3091 finem
456 3001 582 3070 diversis
606 3003 704 3070 modis
739 3001 869 3090 intelligi
901 3013 1012 3091 potest.
1048 3001 1085 3073 ld
1108 3002 1196 3074 enirn
1217 3003 1257 3072 tel

140 3109 263 3173 denotat
285 3125 372 3193 agere
392 3111 520 3193 propter
542 3103 728 3172 deterritae
749 3103 832 3192 fiala
848 3111 878 3171 et
900 3103 949 3199 sio·
967 3102 1031 3172 Deo
1054 3125 1124 3175 non
1144 3123 1256 3193 compe

144 3209 190 3294 tit,
215 3207 287 3295 quia
308 3205 491 3274 desiderium
518 3217 564 3274 est
586 3224 705 3293 eornm,
735 3225 813 3292 quae
838 3205 1105 3294 sentiebantur,
1129 3219 1162 3276 et
1186 3209 1255 3275 Deus

142 3322 189 3377 est
210 3307 309 3397 seipso
331 3307 430 3395 dives‚'
454 3328 510 3375 neo
533 3309 685 3378 bonorum
709 3317 886 3378 nostrorum
909 3306 1045 3398 indigus.
1068 3311 1125 3380 Vel
1141 3311 1257 3380 denotat

143 3430 232 3499 agere
255 3417 382 3499 propter
403 3431 541 3481 ornarem
564 3413 653 3500 lulag
683 3422 713 3479 et
735 3411 780 3482 'sie
802 3412 883 3482 Deus
906 3410 969 3503 agit
992 3422 1122 3502 propter
1144 3415 1255 3501 finem,

184 3636 206 3705 ¹)
227 3635 258 3691 l·
273 3637 331 3710 2⁵⁰,
351 3657 378 3710 q.
399 3638 421 3708 l,
440 3656 467 3695 a.
490 3635 502 3691 l
525 3638 560 3693 ad
582 3635 608 3694 l.

181 3723 206 3790 ²)
227 3720 257 3773 1¹
271 3722 328 3794 21⁸⁰,
349 3742 376 3794 q.
395 3723 418 3793 l,
438 3739 466 3779 a.
485 3723 503 3778 2
522 3738 549 3779 e.

183 3805 206 3875 ³)
228 3809 308 3866 Cant.
330 3808 426 3879 Genu,
449 3809 496 3863 lib.
518 3807 562 3877 ΙΙΙ,
582 3822 608 3862 a.
629 3807 656 3864 8.

182 3892 206 3960 ⁴)
229 3896 325 3955 allam
346 3905 373 3949 et
392 3910 466 3964 quaa
485 3894 646 3949 naturalem
668 3899 749 3948 ortus
774 3892 817 3948 sul
834 3907 953 3948 oausam
972 3893 1102 3966 lrabeat,
1121 3910 1158 3953 ea
1179 3896 1256 3954 cartis

146 3978 314 4046 quibusnam
333 3981 481 4049 numeris,
512 3988 641 4049 stratoque
660 3994 695 4034 aa
715 3977 830 4034 delinito
849 3979 949 4034 ordine
968 3979 1151 4052 singularem
1172 3985 1207 4038 ad
1231 3982 1256 4036 ll-

147 4075 212 4115 nem
234 4067 410 4134 perveniunt,
430 4081 514 4135 quem
537 4065 583 4118 ubi
598 4063 727 4118 assecuta
746 4073 823 4132 suut,
838 4071 896 4117 tum
911 4064 1026 4118 demum
1040 4065 1105 4121 lieri
1119 4068 1256 4136 (lemnum,
1295 4039 1297 4088 ¹

149 4147 201 4201 uisi
220 4149 330 4218 quidvis
350 4157 498 4218 occurrat,
519 4149 594 4219 quod
614 4147 774 4203 naturalem
790 4148 915 4214 ipsorum
929 4151 966 4202 arl
985 4149 1024 4218 id,
1037 4153 1117 4220 qttorl
1133 4154 1187 4210 sibi
1200 4168 1253 4223 pro·

149 4234 269 4301 positum
289 4246 342 4307 est,
363 4251 480 4292 cursum
500 4223 633 4306 impediat
654 4248 679 4308 »3
700 4233 1027 4309 uasat.,t¹rnea.3a‘a.,
1048 4237 1100 4314 lio.
1121 4237 1252 4313 tlh-tal.
