2760 4770
133 228 233 297 nuptie
255 212 407 302 amplecti,
434 232 532 302 neque
555 215 679 303 lugere„
699 212 744 282 Ex
767 233 829 303 que
842 210 1057 284 distinetione
1083 212 1257 302 nequitum

132 311 235 398 noll,
271 332 333 383 non
368 335 440 385 rere
461 316 552 386 etiem
586 336 649 384 non
682 317 758 386 vetto
787 315 901 388 efficiet
932 316 1207 399 dnodenarium.
1226 312 1257 380 ld

133 412 457 488 benenedictionem
478 428 596 511 spectet
617 418 700 510 qnod
717 418 757 488 eit
774 443 800 490 s.
817 416 973 489 Thermus:
995 441 1011 484 s
1034 418 1115 488 Non
1139 418 1210 488 vello
1226 414 1259 484 di

133 514 216 593 citur
236 518 422 608 dupliciter:
447 541 512 590 uno
533 523 627 591 modo
650 531 741 613 prout
770 520 903 592 sumitur
930 521 965 588 in
991 520 1022 589 vi
1052 518 1155 589 unius
1174 517 1259 587 dictio

133 617 210 706 nis,
234 621 404 690 secundum
426 622 510 712 qnod
546 634 593 692 est
617 621 771 692 inlinitum
800 623 893 693 huius
918 622 1038 692 verbi:
1070 620 1167 692 Nolo.
1192 619 1259 688 lude

132 720 214 792 sicut
235 743 306 791 eom
329 722 424 795 dno:
451 725 531 796 Nolo
553 728 683 816 tegere,
709 748 817 798 sensus
838 736 911 798 est:
943 728 1027 796 Volo
1053 747 1127 796 non
1150 727 1258 814 legem

130 821 172 891 ite
195 823 251 894 tac
268 827 355 915 qnod
377 836 445 896 est:
473 827 540 898 Non
563 831 640 897 velle
664 829 773 916 legere,
790 826 955 918 significet:
980 829 1081 898 ,Velle
1107 848 1172 898 nou
1193 828 1256 913 tege-

132 946 178 1008 re;
203 937 234 995 et
256 927 310 1009 sic¹
325 932 387 996 non
412 928 487 998 velle
507 940 613 997 cutum
637 928 891 999 involuntarium.
918 931 993 1013 Atio
1018 931 1125 999 modo
1146 926 1260 994 sumitur

133 1027 166 1096 in
182 1028 211 1095 ri
227 1029 385 1118 cretionis,
402 1042 435 1100 ct
449 1041 523 1100 tunc
544 1051 607 1098 non
622 1031 794 1099 etlirmetuc
808 1042 893 1099 ectus
909 1027 1107 1115 voluntatis3
1125 1041 1157 1100 ct
1171 1029 1258 1099 ouiu-

81 1179 86 1187 -
130 1129 218 1227 ‘modi
236 1153 298 1201 non
317 1135 391 1202 velle
415 1154 479 1204 non
502 1144 624 1202 caussnt
647 1131 947 1202 involuntariumtr.
1215 1123 1223 1137 ’

137 1268 149 1301 ,·
180 1231 259 1300 Xltl.
286 1234 517 1307 l'ocunraruun
543 1248 929 1307 epicenon-monemur
955 1232 984 1305 ¹.

134 1390 139 1399 .
179 1333 244 1402 xv.
271 1336 504 1408 Vocurrnnuu
527 1356 1010 1408 ttrrcnrncruu-rnnreonun.
1031 1335 1148 1406 Oritur
1169 1335 1260 1404 huius·

132 1439 216 1507 modi
240 1441 395 1510 distinctio
417 1463 453 1511 ex
478 1440 661 1531 imperfecte,
680 1443 725 1512 rel
741 1441 870 1531 perlecta
884 1438 1073 1528 cognitione
1091 1440 1176 1527 finis,
1196 1459 1260 1528 qum

132 1540 170 1611 ud
195 1543 363 1613 oolrrutarii
383 1544 558 1632 essentiam,
583 1554 618 1613 ut
639 1544 699 1613 inm
721 1543 866 1630 diximus,
895 1542 1091 1631 requiritur.
1111 1543 1257 1611 Pomone

132 1644 305 1715 letttlorinrn
326 1649 494 1736 perrectum
517 1651 620 1718 locam
644 1645 746 1733 hebet,
762 1668 834 1716 cnm
849 1645 990 1735 cognitio
1006 1643 1193 1714 huiusmodi
1207 1653 1255 1725 est,

132 1758 169 1815 nt
191 1768 253 1817 reon
275 1750 374 1818 solnm
395 1749 644 1840 conprehendatur
672 1771 721 1817 res
742 1771 819 1838 ptrue
841 1755 884 1816 esl
907 1748 992 1837 finis,
1025 1748 1087 1815 sed
1110 1748 1202 1814 etiem
1222 1769 1258 1813 co-

132 1857 297 1938 ptroscotur
318 1853 397 1919 ratio
419 1853 489 1941 finis
510 1859 537 1919 et
556 1853 803 1943 proportiones
824 1850 905 1938 parad
917 1850 1095 1918 ordinatur
1117 1849 1161 1916 ed
1180 1848 1258 1937 finon

80 2008 85 2017 .
133 1952 249 2039 ipson.
277 1951 382 2041 ltaque
405 1951 609 2021 voluntarium
634 1952 801 2042 perlectum
827 1962 873 2020 est
898 1950 988 2037 illud,
1013 1951 1106 2040 quod
1128 1949 1259 2038 dirigitur

130 2073 170 2121 ee
189 2052 378 2141 cognitione,
401 2075 479 2143 (pune
500 2055 623 2144 attingit
646 2056 738 2125 finem
764 2075 826 2124 non
848 2055 949 2123 solum
973 2052 1256 2140 internecionem

135 2153 227 2224 etiam
250 2156 435 2242 spontaliter,
460 2177 515 2224 scu
537 2167 572 2224 ut
597 2178 659 2226 non
688 2159 790 2226 solnm
819 2155 887 2226 eius
910 2155 1033 2226 bonitas
1060 2155 1256 2247 apprehende·

134 2267 196 2343 tur,
221 2259 272 2326 sed
296 2258 386 2326 etium
410 2258 477 2327 eins
499 2259 607 2328 merite
631 2260 867 2346 perpenduntur,
884 2267 975 2346 etque
999 2279 1076 2326 cum
1095 2259 1254 2327 medionon

97 2347 101 2354 ’
133 2359 264 2443 utilitate
286 2362 495 2431 contemptur.
523 2361 735 2429 voluntarium
759 2361 935 2429 lmiusmocli
971 2371 1096 2450 spectet
1132 2361 1168 2428 nd
1200 2359 1252 2427 sole

132 2463 262 2552 agentia,
278 2483 355 2552 qnae
378 2463 532 2532 intellectu
555 2465 669 2552 pollent
694 2463 716 2531 ³.
743 2464 867 2548 Contra,
883 2461 1104 2532 voluntarium
1120 2462 1250 2553 inoperta·

134 2572 228 2653 ctera,
253 2566 336 2655 (prud
359 2587 376 2634 e
400 2566 558 2635 nonnullis
580 2566 690 2634 dicitur
712 2572 925 2655 spontaneum,
950 2563 1091 2653 procedit
1107 2585 1145 2632 ex
1160 2560 1250 2651 cogni·

133 2667 226 2756 tione,
251 2690 328 2758 paen
349 2667 385 2735 in
405 2668 468 2736 sola
490 2669 561 2757 finis
583 2665 824 2756 apprehensione
851 2666 983 2736 consistd
1006 2665 1077 2734 sinte
1101 2664 1168 2754 leuc,
1185 2664 1253 2754 prod

134 2777 331 2860 capnoscotcn'
352 2774 434 2840 relic
456 2770 536 2861 finis,
560 2777 588 2839 el
611 2771 768 2861 proportio
796 2776 881 2838 oclus
902 2768 943 2837 od
965 2769 1083 2858 pineum
1103 2787 1210 2858 nempe
1222 2786 1251 2834 es

131 2872 320 2963 cognitione,
335 2895 415 2963 quee
436 2894 498 2943 non
513 2873 647 2964 pervadit
663 2875 811 2943 rotiorrenr
825 2871 986 2960 sornrolem
1004 2871 1093 2959 finis,
1111 2869 1177 2940 eius
1190 2889 1249 2938 cum

34 2970 37 2975 ’
132 2976 241 3045 mediis
263 2975 492 3066 proportionem
516 2974 740 3065 perpendendo.
780 2974 846 3043 Hoc
871 2974 964 3044 modo
990 2974 1157 3061 spernonei
1188 2979 1251 3043 sunt

131 3089 219 3148 ectus
240 3081 394 3169 appetitas
416 3077 565 3165 sensitioi,
580 3076 708 3168 ideoque
733 3078 911 3147 tribuuntur
925 3075 1019 3146 etium
1033 3075 1140 3148 brutis
1154 3076 1183 3147 ⁴.

87 3182 91 3191 '
175 3178 233 3249 llic
253 3180 306 3247 ebs
329 3200 362 3251 rc
384 3200 446 3248 non
469 3177 526 3250 orit
548 3178 712 3250 discrimen
727 3182 870 3250 adaerere
885 3179 962 3248 inter
976 3181 1157 3270 appetitam
1170 3182 1248 3247 reatu·

130 3280 240 3371 rulera,
258 3283 436 3355 sensitivam
458 3290 489 3354 et
503 3282 719 3352 intellectivam
731 3284 745 3324 ⁵
759 3336 768 3371 ,
781 3281 864 3371 quod
880 3281 990 3371 apertis
1013 3278 1120 3351 verbis
1130 3278 1249 3372 explicet

127 3404 155 3455 s.
173 3384 317 3472 Ttromus,
345 3385 518 3474 iuquiensze
536 3384 596 3454 Est
615 3403 724 3472 nempe
746 3381 870 3473 quidem
892 3380 1043 3473 appetitus
1057 3401 1127 3452 uon
1147 3401 1244 3453 conse·

124 3507 223 3575 quens
246 3485 518 3576 apprehensionem
540 3484 635 3577 ipsius
657 3486 840 3577 appetentis,
865 3483 918 3572 sed
932 3481 1077 3554 alterius:
1096 3495 1128 3554 et
1144 3483 1243 3554 huius-

127 3586 212 3658 modi
234 3587 345 3659 dicitur
367 3589 517 3681 appetitus
539 3587 699 3660 nutumtis.
720 3588 783 3670 ‚Res
805 3585 887 3658 enim
916 3587 1070 3661 naturules
1107 3594 1245 3681 appetent

166 3775 191 3846 ι)
209 3779 279 3837 coc.
299 3782 366 3850 cit,
384 3799 413 3852 q.
435 3782 480 3850 vt,
500 3796 528 3836 e.
547 3780 618 3838 llud
638 3777 729 3843 2.-²r
749 3780 812 3834 vid.
832 3794 860 3849 p.
881 3774 975 3833 lton.

169 3860 194 3933 ³)
211 3864 269 3920 ileo
289 3867 400 3922 ratione
422 3867 616 3924 volarunt-ium
627 3881 645 3924 a
657 3881 682 3924 s.
697 3866 877 3924 Demesceno
896 3875 957 3935 post
968 3862 1157 3949 Aristotelem
1170 3866 1179 3932 l
1194 3863 1245 3921 ert

132 3948 182 4006 lib.
203 3947 249 4016 tlt,
266 3964 293 4004 e.
319 3949 328 4000 t
346 3954 358 4016 t
373 3948 515 4006 ‹tessrtitorc
540 3951 574 4006 ld
582 3951 667 4008 eritas
683 3951 862 4021 principium
872 3962 915 4011 est
934 3950 966 4008 in
983 3947 1053 4023 ipso
1070 3965 1190 4027 tenente,
1209 3965 1249 4004 eo-

131 4045 288 4110 pnosceate
306 4035 422 4107 sinnida
443 4052 470 4097 r:
493 4037 532 4092 tle
554 4037 639 4107 Fide,
660 4036 708 4093 lib.
731 4036 795 4111 lt,e.
817 4036 861 4096 li.

168 4121 193 4196 ⁴)
213 4119 305 4195 told,
325 4138 351 4179 e.
372 4119 390 4176 2
410 4121 500 4195 c.-⁵)
520 4121 581 4178 vid.
602 4137 629 4194 p.
648 4120 690 4180 ts,
738 4186 742 4192 ,

407 4498 632 4614 Α
737 4429 741 4435 ,
