2760 4770
132 381 284 460 speratur
306 369 365 439 sub
384 377 534 458 eeneeptu
562 368 615 437 ud.
652 367 710 435 Ubi
747 366 821 437 illud
845 386 968 436 monere
994 375 1151 457 praestat,
1177 364 1255 452 rpiiod

133 495 148 534 a
175 474 205 540 in
230 475 292 543 lleo
315 482 447 542 nonest
469 471 549 542 aliud
578 493 639 540 esre
662 470 839 554 relationis,
864 481 895 537 et
918 492 980 538 esse
1001 472 1180 551 essentiae,
1204 467 1253 535 sed

130 593 229 641 unuru
251 585 282 643 et
305 575 385 644 idern
411 598 442 643 a.
468 573 613 659 Etenim,
641 595 655 636 ‹
689 570 835 659 quidiprid
861 571 892 638 in
916 572 1007 639 robus
1028 571 1142 639 creatis
1166 569 1254 641 habet

130 695 196 745 esse
218 675 410 761 accidentale,
427 675 604 742 secundum
628 674 709 762 quod
735 673 916 741 transfertur
932 674 963 740 in
980 673 1089 758 Denta,
1107 671 1198 739 habet
1212 690 1255 736 es-

131 796 163 844 se
186 776 394 858 substantiale,
419 773 498 843 nilril
520 775 602 844 eninr
625 785 671 843 est
694 773 725 840 in
751 773 824 858 Deo,
844 784 877 841 ut
892 775 1029 842 accidens
1054 773 1087 841 in
1104 772 1253 856 subiecto,

131 877 182 945 sed
207 877 353 967 quidquid
376 887 422 945 est
445 875 477 943 in
500 875 587 961 lleo,
615 883 663 944 est
686 873 760 947 Eius
787 872 928 944 essentia.
965 875 1014 942 Sia
1041 874 1139 962 igitur
1162 897 1198 942 ex
1221 895 1253 941 ea

130 989 225 1067 parte,
249 1001 309 1069 qua
325 977 430 1046 relatio
453 977 486 1045 in
502 978 592 1044 rebus
608 977 715 1044 creatis
731 976 819 1043 lubet
835 997 900 1045 esse
915 978 1099 1046 accidentale
1123 977 1157 1043 in
1180 976 1250 1044 sub·

130 1079 228 1167 iectu,
253 1081 358 1151 relatio
382 1080 503 1149 realiter
524 1074 658 1149 existens
683 1078 714 1147 in
739 1079 802 1147 [leo
824 1079 915 1148 habet
943 1099 1008 1148 esse
1030 1078 1180 1146 essentiae
1204 1077 1254 1143 lli-

132 1183 230 1269 vinae,
254 1182 335 1252 idern
359 1183 488 1251 omnine
511 1181 547 1248 [ti
570 1181 715 1250 existens.
743 1181 774 1249 ln
797 1180 855 1248 lroe
879 1200 961 1266 vero,
985 1182 1067 1268 quod
1082 1180 1122 1248 ad
1139 1179 1253 1267 aliquid

127 1284 249 1373 dieitur,
274 1307 337 1356 non
360 1285 553 1374 signilioatur
574 1282 674 1371 aliqua
697 1282 845 1351 habitudo
859 1282 896 1349 ad
906 1282 1085 1369 essentiam,
1112 1282 1166 1352 sed
1192 1302 1251 1348 naa-

132 1386 179 1474 gis
201 1389 237 1455 nd
260 1409 353 1456 suurn
378 1385 564 1476 oppositum.
591 1385 630 1453 ut
655 1385 698 1455 sie
720 1385 917 1455 nranilesturn
940 1396 1008 1471 est,
1036 1385 1121 1474 quod
1146 1381 1250 1452 relatio

130 1489 250 1557 realiter
272 1490 405 1560 existens
428 1490 461 1557 in
476 1489 546 1562 „Deo
567 1497 614 1558 est
636 1489 716 1558 idern
740 1489 886 1558 essentiae
913 1491 1081 1557 seeundum
1108 1509 1202 1569 rein,
1225 1498 1252 1553 et

132 1611 196 1658 non
219 1593 333 1677 dissert,
356 1591 414 1661 nisi
438 1591 605 1660 seeundum
630 1591 846 1679 intelligentiae
861 1591 1020 1678 rationein,
1046 1601 1139 1678 prout
1157 1590 1191 1659 in
1207 1610 1249 1657 re-

130 1691 244 1761 latione
266 1694 450 1782 importatur
472 1702 625 1781 respectus
647 1692 685 1760 ad
709 1713 801 1760 suurn
825 1690 1012 1783 oppositum,
1036 1691 1090 1778 qui
1116 1712 1183 1759 non
1200 1690 1251 1759 irn-

134 1804 275 1883 portatur
299 1798 330 1865 ia
354 1794 479 1865 nomine
501 1794 646 1864 essentiae
662 1795 708 1865 Ἰ.

175 1894 227 1965 ΙΙΙ.
254 1895 904 1967 amnena-uisaaco-unani.
920 1895 1070 1963 distinete
1086 1905 1164 1963 sunt
1179 1917 1253 1985 quae

129 1998 284 2066 taunaaiee
307 2019 370 2069 nen
393 2010 467 2066 sunt
488 2020 587 2068 unurn
611 2009 642 2066 et
665 2000 756 2068 idenr.
783 1998 860 2065 lline
882 1997 1035 2067 distinctio
1057 1998 1204 2068 consistit
1224 2000 1253 2066 in

128 2106 289 2193 negatione
313 2106 487 2177 identitatis.
514 2105 617 2174 Variae
640 2115 713 2173 sunt
735 2103 938 2173 distinctionis
969 2102 1096 2194 speeies,
1122 2126 1203 2192 quae
1225 2126 1252 2171 a·

131 2205 185 2274 libi
210 2207 298 2275 nobis
321 2208 515 2297 explicandae
547 2219 639 2275 erunt
662 2205 688 2276 ².
720 2208 877 2292 Diuersa,
911 2227 1044 2295 quorum
1067 2207 1203 2274 essentia
1225 2203 1252 2272 in

133 2329 198 2377 uno
219 2309 277 2377 alia
300 2320 357 2396 est,
380 2331 415 2378 ae
438 2308 470 2375 in
492 2308 564 2394 alio,
583 2317 654 2396 puta
678 2308 784 2395 honre,
807 2320 839 2376 et
862 2308 989 2376 brutum
1012 2318 1087 2376 sunt
1110 2306 1249 2392 diversa,

133 2422 284 2498 qnatenus
306 2416 401 2484 home
424 2435 488 2483 non
510 2423 556 2482 est
579 2413 619 2499 id,
644 2416 724 2501 qued
748 2425 794 2483 est
821 2414 961 2502 brutum,
986 2425 1016 2482 et
1038 2415 1169 2482 brutum
1194 2436 1254 2484 non

132 2514 241 2602 estid,
266 2517 348 2604 qnod
371 2526 416 2584 est
439 2517 545 2587 herne.
573 2515 763 2603 Differettia,
788 2537 864 2604 quae
891 2517 1003 2606 aliquid
1030 2538 1201 2587 continuae
1216 2517 1251 2585 ita

131 2615 257 2704 liabent,
282 2629 319 2686 ut
341 2617 373 2686 in
396 2617 471 2706 ipsis
492 2614 694 2687 diversimode
724 2617 953 2701 determinetur
977 2640 1007 2688 e.
1033 2642 1081 2708 gu,
1106 2618 1205 2688 honae
1225 2630 1252 2687 et

130 2717 258 2786 bintunr
282 2721 406 2808 differre
426 2720 584 2806 dicuntur,
614 2730 766 2808 quatenns
789 2721 958 2790 animalitas
993 2721 1024 2790 in
1047 2722 1102 2789 illo
1125 2743 1183 2808 per
1204 2743 1251 2789 ru-

132 2820 342 2907 ttaiatttatem,
370 2821 400 2889 in
424 2822 484 2892 isto
508 2843 559 2910 per
581 2821 851 2890 taaeintttaum
885 2822 1119 2892 determinatur.
1148 2823 1249 2908 Hine,

131 2931 167 2987 nt
188 2921 277 2991 deret
298 2943 326 2992 s.
345 2923 488 3011 Thomas,
504 2944 550 3008 ea,
566 2943 643 3011 quae
666 2920 822 3009 differunt,
848 2921 878 2989 in
901 2926 1189 3011 aliquoeenvenire
1202 2928 1250 2995 de-

131 3023 216 3110 bent,
241 3036 272 3094 et
295 3047 348 3114 per
371 3025 485 3113 aliquid
508 3023 735 3113 superadditum
768 3024 940 3109 differunt3
975 3047 1053 3114 quae
1077 3036 1186 3096 autem
1208 3028 1252 3096 di-

131 3146 217 3196 versa
240 3137 325 3215 sunt,
342 3147 406 3196 non
422 3136 468 3196 est
491 3126 628 3194 absolute
651 3145 783 3210 neeesse,
809 3137 843 3193 ut
864 3128 896 3193 in
912 3126 1013 3215 aliquo
1028 3129 1215 3199 conveniant
1228 3131 1249 3196 ⁸.

175 3227 224 3297 X..
240 3228 462 3297 Dirranunrra
487 3247 651 3298 eounuars
666 3265 710 3281 ·-
727 3247 865 3296 rnernta
880 3252 926 3279 ‘-
942 3249 1067 3298 naxiae
1093 3251 1248 3302 ennean.

130 3327 307 3414 Differentiae
328 3324 499 3400 eommunis
531 3342 577 3400 est
599 3351 676 3418 quae
701 3351 752 3418 per
774 3331 913 3399 accidens
939 3331 1061 3420 aliquod
1087 3336 1254 3422 separabile

128 3431 291 3507 discrimen
309 3432 408 3516 ·saeit;
434 3445 562 3502 utrum
586 3431 714 3501 dieirnus
738 3433 820 3500 laune
849 3433 888 3501 ab
912 3433 965 3502 ille
987 3433 1140 3521 differre,
1170 3437 1252 3526 quod

125 3529 174 3598 hie
195 3535 321 3623 sedeat,
348 3534 396 3603 ille
419 3545 490 3605 stet.
515 3538 614 3623 Attpue
637 3535 693 3601 hae
724 3532 890 3602 differentia
920 3545 1018 3622 potest
1051 3535 1166 3625 aliquis
1189 3559 1251 3606 non

125 3635 228 3702 solunt
261 3635 409 3724 abaliu,
435 3636 598 3707 sedetiam
635 3636 774 3720 aseipso
811 3637 962 3727 differre,
992 3639 1143 3728 queniam
1188 3653 1253 3732 pot-

125 3746 171 3805 est
194 3737 246 3804 sui.
256 3737 413 3808 dissimilis
428 3759 504 3821 esse;
531 3749 578 3826 ut,
602 3740 655 3828 qui
672 3759 756 3808 nune
772 3740 947 3810 adolescens
968 3742 1071 3811 differt
1092 3765 1108 3811 a
1134 3746 1248 3834 seipso,

112 3859 196 3910 weuna
219 3851 307 3909 antea
330 3841 363 3910 in
386 3843 474 3911 cunis
499 3843 624 3932 vagiret.
652 3844 830 3932 differentia
846 3846 978 3934 propriu
1000 3854 1069 3936 est,
1093 3867 1176 3936 [puae
1199 3869 1252 3938 per

164 4087 188 4155 ¹)
208 4087 227 4157 t,
248 4105 276 4159 q.
295 4086 420 4160 xxvtlt‚
440 4104 467 4144 a.
488 4088 507 4146 2
526 4104 552 4145 e.
755 4152 758 4158 ,

166 4172 191 4242 ²)
210 4172 271 4229 vid.
293 4174 645 4236 farinulae-»Itoniae
664 4185 733 4248 ete,
754 4176 808 4234 litt.
832 4176 870 4234 F.

164 4255 185 4328 ³)
204 4257 228 4330 l,
247 4275 273 4332 q.
295 4258 343 4330 tlt,
362 4274 389 4318 a.
411 4259 429 4317 8
450 4261 485 4318 ad
503 4258 530 4318 3.
