<?xml version="1.0" encoding="UTF-8"?>
<!DOCTYPE html PUBLIC "-//W3C//DTD XHTML 1.0 Transitional//EN"
    "http://www.w3.org/TR/xhtml1/DTD/xhtml1-transitional.dtd">
<html xmlns="http://www.w3.org/1999/xhtml" xml:lang="en" lang="en">
 <head>
  <title>
</title>
<meta http-equiv="Content-Type" content="text/html;charset=utf-8" />
  <meta name='ocr-system' content='tesseract 3.04.00' />
  <meta name='ocr-capabilities' content='ocr_page ocr_carea ocr_par ocr_line ocrx_word'/>
</head>
<body>
  <div class='ocr_page' id='page_1' title='image "./lexiconperipate00signgoog/lexiconperipate00signgoog_0259.png"; bbox 0 0 2744 4770; ppageno 0'>
   <div class='ocr_carea' id='block_1_1' title="bbox 118 245 1275 3582">
    <p class='ocr_par' dir='ltr' id='par_1_1' title="bbox 118 245 1241 752">
     <span class='ocr_line' id='line_1_1' title="bbox 165 245 759 319; baseline -0.012 0"><span class='ocrx_word' id='word_1_1' title='bbox 165 249 230 319; x_wconf 71' lang='lat' dir='ltr'>‘tta</span> <span class='ocrx_word' id='word_1_2' title='bbox 603 245 691 312; x_wconf 83' lang='lat' dir='ltr'>-P</span> <span class='ocrx_word' id='word_1_3' title='bbox 715 276 759 295; x_wconf 94' lang='lat'>—·</span> 
     </span>
     <span class='ocr_line' id='line_1_2' title="bbox 124 356 1241 452; baseline -0.004 -21"><span class='ocrx_word' id='word_1_4' title='bbox 124 382 178 431; x_wconf 85' lang='lat' dir='ltr'>scu</span> <span class='ocrx_word' id='word_1_5' title='bbox 200 360 367 432; x_wconf 74' lang='lat' dir='ltr'>secretalem</span> <span class='ocrx_word' id='word_1_6' title='bbox 387 361 522 452; x_wconf 83' lang='lat' dir='ltr'>aliprmra</span> <span class='ocrx_word' id='word_1_7' title='bbox 547 361 720 452; x_wconf 81' lang='lat' dir='ltr'>anolopiam</span> <span class='ocrx_word' id='word_1_8' title='bbox 746 358 855 430; x_wconf 87' lang='lat' dir='ltr'>dicitur</span> <span class='ocrx_word' id='word_1_9' title='bbox 880 356 977 447; x_wconf 90' lang='lat' dir='ltr'>illud,</span> <span class='ocrx_word' id='word_1_10' title='bbox 1002 357 1087 449; x_wconf 84' lang='lat' dir='ltr'>quod</span> <span class='ocrx_word' id='word_1_11' title='bbox 1111 380 1151 427; x_wconf 82' lang='lat' dir='ltr'>ec</span> <span class='ocrx_word' id='word_1_12' title='bbox 1170 379 1241 447; x_wconf 85' lang='lat' dir='ltr'>pur-</span> 
     </span>
     <span class='ocr_line' id='line_1_3' title="bbox 121 458 1238 555; baseline -0.002 -28"><span class='ocrx_word' id='word_1_13' title='bbox 121 471 161 549; x_wconf 84' lang='lat' dir='ltr'>te,</span> <span class='ocrx_word' id='word_1_14' title='bbox 185 483 239 533; x_wconf 89' lang='lat' dir='ltr'>seu</span> <span class='ocrx_word' id='word_1_15' title='bbox 262 464 430 533; x_wconf 76' lang='lat' dir='ltr'>meandum</span> <span class='ocrx_word' id='word_1_16' title='bbox 471 465 678 555; x_wconf 71' lang='lat' dir='ltr'><strong><em>imperfectam</em></strong></span> <span class='ocrx_word' id='word_1_17' title='bbox 710 462 944 533; x_wconf 77' lang='lat' dir='ltr'>senatoriam</span> <span class='ocrx_word' id='word_1_18' title='bbox 976 459 1067 530; x_wconf 85' lang='lat' dir='ltr'>habet</span> <span class='ocrx_word' id='word_1_19' title='bbox 1102 458 1238 548; x_wconf 76' lang='lat' dir='ltr'>aliquit,</span> 
     </span>
     <span class='ocr_line' id='line_1_4' title="bbox 120 562 1238 655; baseline -0.003 -24"><span class='ocrx_word' id='word_1_20' title='bbox 120 565 202 652; x_wconf 87' lang='lat' dir='ltr'>qaod</span> <span class='ocrx_word' id='word_1_21' title='bbox 227 564 258 631; x_wconf 91' lang='lat' dir='ltr'>iu</span> <span class='ocrx_word' id='word_1_22' title='bbox 280 564 341 633; x_wconf 88' lang='lat' dir='ltr'>alio</span> <span class='ocrx_word' id='word_1_23' title='bbox 363 566 484 655; x_wconf 79' lang='lat' dir='ltr'>proprie</span> <span class='ocrx_word' id='word_1_24' title='bbox 506 575 536 634; x_wconf 88' lang='lat' dir='ltr'>et</span> <span class='ocrx_word' id='word_1_25' title='bbox 559 566 689 654; x_wconf 76' lang='lat' dir='ltr'>perfecte</span> <span class='ocrx_word' id='word_1_26' title='bbox 725 563 840 636; x_wconf 82' lang='lat' dir='ltr'>existit.</span> <span class='ocrx_word' id='word_1_27' title='bbox 866 563 930 633; x_wconf 89' lang='lat' dir='ltr'>lloc</span> <span class='ocrx_word' id='word_1_28' title='bbox 955 562 1049 632; x_wconf 90' lang='lat' dir='ltr'>modo</span> <span class='ocrx_word' id='word_1_29' title='bbox 1086 571 1238 635; x_wconf 77' lang='lat' dir='ltr'>creaturae</span> 
     </span>
     <span class='ocr_line' id='line_1_5' title="bbox 118 664 707 752; baseline 0.01 -23"><span class='ocrx_word' id='word_1_30' title='bbox 118 664 305 752; x_wconf 85' lang='lat' dir='ltr'>participant</span> <span class='ocrx_word' id='word_1_31' title='bbox 327 665 467 734; x_wconf 78' lang='lat' dir='ltr'><strong>Divinam</strong></span> <span class='ocrx_word' id='word_1_32' title='bbox 490 665 657 735; x_wconf 86' lang='lat' dir='ltr'>Bonitatem</span> <span class='ocrx_word' id='word_1_33' title='bbox 683 667 707 735; x_wconf 86' lang='lat'>¹.</span> 
     </span>
    </p>

    <p class='ocr_par' dir='ltr' id='par_1_2' title="bbox 168 764 881 838">
     <span class='ocr_line' id='line_1_6' title="bbox 168 764 881 838; baseline 0.004 -9"><span class='ocrx_word' id='word_1_34' title='bbox 168 765 203 830; x_wconf 89' lang='lat' dir='ltr'>V.</span> <span class='ocrx_word' id='word_1_35' title='bbox 230 765 830 838; x_wconf 79' lang='lat' dir='ltr'>Pnnrrcrrnmrea-Essenrmurea</span> <span class='ocrx_word' id='word_1_36' title='bbox 857 764 881 832; x_wconf 85' lang='lat'>².</span> 
     </span>
    </p>

    <p class='ocr_par' dir='ltr' id='par_1_3' title="bbox 120 861 1233 1460">
     <span class='ocr_line' id='line_1_7' title="bbox 168 861 1233 954; baseline 0.002 -24"><span class='ocrx_word' id='word_1_37' title='bbox 168 866 216 935; x_wconf 87' lang='lat' dir='ltr'>vt.</span> <span class='ocrx_word' id='word_1_38' title='bbox 243 864 782 938; x_wconf 66' lang='lat' dir='ltr'>taeniarumve-Numanurana.</span> <span class='ocrx_word' id='word_1_39' title='bbox 800 866 876 953; x_wconf 83' lang='lat' dir='ltr'>Vox,</span> <span class='ocrx_word' id='word_1_40' title='bbox 900 882 978 953; x_wconf 86' lang='lat' dir='ltr'>quae</span> <span class='ocrx_word' id='word_1_41' title='bbox 1000 862 1100 933; x_wconf 90' lang='lat' dir='ltr'>instar</span> <span class='ocrx_word' id='word_1_42' title='bbox 1123 861 1233 954; x_wconf 88' lang='lat' dir='ltr'>partici-</span> 
     </span>
     <span class='ocr_line' id='line_1_8' title="bbox 120 963 1232 1056; baseline 0.001 -26"><span class='ocrx_word' id='word_1_43' title='bbox 120 965 162 1052; x_wconf 89' lang='lat' dir='ltr'>pii</span> <span class='ocrx_word' id='word_1_44' title='bbox 186 976 364 1055; x_wconf 72' lang='lat' dir='ltr'>usurpatur,</span> <span class='ocrx_word' id='word_1_45' title='bbox 388 968 612 1056; x_wconf 75' lang='lat' dir='ltr'>participative,</span> <span class='ocrx_word' id='word_1_46' title='bbox 636 986 690 1036; x_wconf 92' lang='lat' dir='ltr'>scu</span> <span class='ocrx_word' id='word_1_47' title='bbox 715 966 816 1055; x_wconf 90' lang='lat' dir='ltr'>potius</span> <span class='ocrx_word' id='word_1_48' title='bbox 838 963 1073 1054; x_wconf 81' lang='lat' dir='ltr'>participaliter3</span> <span class='ocrx_word' id='word_1_49' title='bbox 1091 964 1143 1033; x_wconf 90' lang='lat' dir='ltr'>illa</span> <span class='ocrx_word' id='word_1_50' title='bbox 1158 983 1232 1049; x_wconf 85' lang='lat' dir='ltr'>rem,</span> 
     </span>
     <span class='ocr_line' id='line_1_9' title="bbox 122 1063 1231 1156; baseline -0.005 -22"><span class='ocrx_word' id='word_1_51' title='bbox 122 1087 201 1155; x_wconf 79' lang='lat' dir='ltr'>uuae</span> <span class='ocrx_word' id='word_1_52' title='bbox 223 1075 377 1155; x_wconf 83' lang='lat' dir='ltr'>tamquam</span> <span class='ocrx_word' id='word_1_53' title='bbox 401 1087 513 1135; x_wconf 90' lang='lat' dir='ltr'>nomen</span> <span class='ocrx_word' id='word_1_54' title='bbox 540 1067 705 1156; x_wconf 80' lang='lat' dir='ltr'>accipitur,</span> <span class='ocrx_word' id='word_1_55' title='bbox 730 1066 926 1136; x_wconf 74' lang='lat' dir='ltr'>nominaliter</span> <span class='ocrx_word' id='word_1_56' title='bbox 948 1065 1028 1133; x_wconf 91' lang='lat' dir='ltr'>sumi</span> <span class='ocrx_word' id='word_1_57' title='bbox 1051 1064 1175 1136; x_wconf 90' lang='lat' dir='ltr'>dicitur.</span> <span class='ocrx_word' id='word_1_58' title='bbox 1199 1063 1231 1130; x_wconf 82' lang='lat' dir='ltr'>ll.</span> 
     </span>
     <span class='ocr_line' id='line_1_10' title="bbox 122 1163 1233 1256; baseline 0 -23"><span class='ocrx_word' id='word_1_59' title='bbox 122 1188 170 1254; x_wconf 84' lang='lat' dir='ltr'>g.,</span> <span class='ocrx_word' id='word_1_60' title='bbox 195 1167 268 1235; x_wconf 89' lang='lat' dir='ltr'>hacc</span> <span class='ocrx_word' id='word_1_61' title='bbox 293 1189 350 1235; x_wconf 82' lang='lat' dir='ltr'>vox</span> <span class='ocrx_word' id='word_1_62' title='bbox 372 1168 541 1236; x_wconf 73' lang='lat' dir='ltr'>adolescens</span> <span class='ocrx_word' id='word_1_63' title='bbox 564 1167 775 1256; x_wconf 85' lang='lat' dir='ltr'>participaliter</span> <span class='ocrx_word' id='word_1_64' title='bbox 801 1175 902 1239; x_wconf 82' lang='lat' dir='ltr'>sumta</span> <span class='ocrx_word' id='word_1_65' title='bbox 927 1165 1039 1235; x_wconf 90' lang='lat' dir='ltr'>indicat</span> <span class='ocrx_word' id='word_1_66' title='bbox 1062 1165 1097 1234; x_wconf 88' lang='lat' dir='ltr'>in</span> <span class='ocrx_word' id='word_1_67' title='bbox 1121 1163 1233 1235; x_wconf 87' lang='lat' dir='ltr'>univer·</span> 
     </span>
     <span class='ocr_line' id='line_1_11' title="bbox 123 1266 1232 1359; baseline 0.002 -25"><span class='ocrx_word' id='word_1_68' title='bbox 123 1289 192 1336; x_wconf 88' lang='lat' dir='ltr'>sum</span> <span class='ocrx_word' id='word_1_69' title='bbox 215 1267 361 1358; x_wconf 80' lang='lat' dir='ltr'>quitquid</span> <span class='ocrx_word' id='word_1_70' title='bbox 385 1279 481 1338; x_wconf 88' lang='lat' dir='ltr'>aetate</span> <span class='ocrx_word' id='word_1_71' title='bbox 504 1280 635 1359; x_wconf 83' lang='lat' dir='ltr'>augetur</span> <span class='ocrx_word' id='word_1_72' title='bbox 658 1280 688 1338; x_wconf 88' lang='lat' dir='ltr'>et</span> <span class='ocrx_word' id='word_1_73' title='bbox 712 1269 846 1359; x_wconf 74' lang='lat' dir='ltr'>rigescit:</span> <span class='ocrx_word' id='word_1_74' title='bbox 876 1266 1080 1340; x_wconf 81' lang='lat' dir='ltr'>Nomtnottter</span> <span class='ocrx_word' id='word_1_75' title='bbox 1103 1285 1174 1339; x_wconf 83' lang='lat' dir='ltr'>vero</span> <span class='ocrx_word' id='word_1_76' title='bbox 1193 1266 1232 1336; x_wconf 86' lang='lat' dir='ltr'>iu·</span> 
     </span>
     <span class='ocr_line' id='line_1_12' title="bbox 125 1369 1002 1460; baseline 0.003 -23"><span class='ocrx_word' id='word_1_77' title='bbox 125 1369 193 1443; x_wconf 89' lang='lat' dir='ltr'>nuit</span> <span class='ocrx_word' id='word_1_78' title='bbox 215 1379 355 1458; x_wconf 88' lang='lat' dir='ltr'>aetatem,</span> <span class='ocrx_word' id='word_1_79' title='bbox 378 1389 456 1457; x_wconf 89' lang='lat' dir='ltr'>quae</span> <span class='ocrx_word' id='word_1_80' title='bbox 479 1370 637 1458; x_wconf 90' lang='lat' dir='ltr'>pueritiam</span> <span class='ocrx_word' id='word_1_81' title='bbox 662 1370 833 1440; x_wconf 83' lang='lat' dir='ltr'>immediate</span> <span class='ocrx_word' id='word_1_82' title='bbox 853 1369 1002 1460; x_wconf 81' lang='lat' dir='ltr'>sequitur.</span> 
     </span>
    </p>

    <p class='ocr_par' dir='ltr' id='par_1_4' title="bbox 121 1468 1275 3492">
     <span class='ocr_line' id='line_1_13' title="bbox 171 1468 1234 1559; baseline 0.005 -23"><span class='ocrx_word' id='word_1_83' title='bbox 171 1469 235 1548; x_wconf 82' lang='lat' dir='ltr'>ra.</span> <span class='ocrx_word' id='word_1_84' title='bbox 262 1469 342 1541; x_wconf 79' lang='lat' dir='ltr'>Pam</span> <span class='ocrx_word' id='word_1_85' title='bbox 366 1490 656 1542; x_wconf 81' lang='lat' dir='ltr'>enorme—umus</span> <span class='ocrx_word' id='word_1_86' title='bbox 680 1489 1089 1543; x_wconf 76' lang='lat' dir='ltr'>reorum-connumera.</span> <span class='ocrx_word' id='word_1_87' title='bbox 1117 1468 1234 1559; x_wconf 78' lang='lat' dir='ltr'>Proprie</span> 
     </span>
     <span class='ocr_line' id='line_1_14' title="bbox 121 1569 1275 1661; baseline -0.001 -25"><span class='ocrx_word' id='word_1_88' title='bbox 121 1572 191 1660; x_wconf 82' lang='lat' dir='ltr'>pati</span> <span class='ocrx_word' id='word_1_89' title='bbox 212 1569 323 1638; x_wconf 90' lang='lat' dir='ltr'>dicitur</span> <span class='ocrx_word' id='word_1_90' title='bbox 345 1569 375 1638; x_wconf 87' lang='lat' dir='ltr'>id</span> <span class='ocrx_word' id='word_1_91' title='bbox 395 1623 404 1658; x_wconf 87' lang='lat'>,</span> <span class='ocrx_word' id='word_1_92' title='bbox 428 1592 445 1639; x_wconf 91' lang='lat' dir='ltr'>a</span> <span class='ocrx_word' id='word_1_93' title='bbox 468 1582 536 1661; x_wconf 86' lang='lat' dir='ltr'>quo·</span> <span class='ocrx_word' id='word_1_94' title='bbox 558 1571 668 1660; x_wconf 84' lang='lat' dir='ltr'>aliquid</span> <span class='ocrx_word' id='word_1_95' title='bbox 699 1584 875 1641; x_wconf 87' lang='lat' dir='ltr'>removetur</span> <span class='ocrx_word' id='word_1_96' title='bbox 896 1569 953 1639; x_wconf 91' lang='lat' dir='ltr'>sibi</span> <span class='ocrx_word' id='word_1_97' title='bbox 988 1569 1175 1641; x_wconf 88' lang='lat' dir='ltr'>conveniens</span> <span class='ocrx_word' id='word_1_98' title='bbox 1195 1569 1234 1639; x_wconf 88' lang='lat' dir='ltr'>rel</span> <span class='ocrx_word' id='word_1_99' title='bbox 1273 1588 1275 1593; x_wconf 92' lang='lat'>·</span> 
     </span>
     <span class='ocr_line' id='line_1_15' title="bbox 127 1672 1272 1764; baseline -0.002 -24"><span class='ocrx_word' id='word_1_100' title='bbox 127 1673 296 1740; x_wconf 86' lang='lat' dir='ltr'>secundum</span> <span class='ocrx_word' id='word_1_101' title='bbox 321 1682 474 1758; x_wconf 90' lang='lat' dir='ltr'>naturam,</span> <span class='ocrx_word' id='word_1_102' title='bbox 507 1676 550 1741; x_wconf 88' lang='lat' dir='ltr'>vel</span> <span class='ocrx_word' id='word_1_103' title='bbox 579 1673 747 1742; x_wconf 89' lang='lat' dir='ltr'>secundum</span> <span class='ocrx_word' id='word_1_104' title='bbox 779 1672 931 1764; x_wconf 86' lang='lat' dir='ltr'>propriam</span> <span class='ocrx_word' id='word_1_105' title='bbox 956 1672 1236 1759; x_wconf 85' lang='lat' dir='ltr'>inclinationem,ot</span> <span class='ocrx_word' id='word_1_106' title='bbox 1268 1684 1272 1691; x_wconf 85' lang='lat'>·</span> 
     </span>
     <span class='ocr_line' id='line_1_16' title="bbox 126 1774 1236 1866; baseline 0.002 -25"><span class='ocrx_word' id='word_1_107' title='bbox 126 1774 239 1864; x_wconf 78' lang='lat' dir='ltr'>aliquid</span> <span class='ocrx_word' id='word_1_108' title='bbox 253 1776 440 1843; x_wconf 88' lang='lat' dir='ltr'>contrariam</span> <span class='ocrx_word' id='word_1_109' title='bbox 466 1776 496 1843; x_wconf 90' lang='lat' dir='ltr'>in</span> <span class='ocrx_word' id='word_1_110' title='bbox 512 1775 613 1866; x_wconf 90' lang='lat' dir='ltr'>ipsum</span> <span class='ocrx_word' id='word_1_111' title='bbox 637 1775 833 1864; x_wconf 89' lang='lat' dir='ltr'>imprimitur,</span> <span class='ocrx_word' id='word_1_112' title='bbox 843 1786 912 1866; x_wconf 89' lang='lat' dir='ltr'>pata</span> <span class='ocrx_word' id='word_1_113' title='bbox 935 1797 1007 1844; x_wconf 90' lang='lat' dir='ltr'>curn</span> <span class='ocrx_word' id='word_1_114' title='bbox 1022 1775 1121 1844; x_wconf 85' lang='lat' dir='ltr'>horno</span> <span class='ocrx_word' id='word_1_115' title='bbox 1142 1792 1236 1863; x_wconf 78' lang='lat' dir='ltr'>aegra·</span> 
     </span>
     <span class='ocr_line' id='line_1_17' title="bbox 127 1876 1237 1965; baseline -0.001 -24"><span class='ocrx_word' id='word_1_116' title='bbox 127 1888 182 1962; x_wconf 88' lang='lat' dir='ltr'>tat,</span> <span class='ocrx_word' id='word_1_117' title='bbox 207 1876 509 1945; x_wconf 79' lang='lat' dir='ltr'>autt1·istatar:aAd</span> <span class='ocrx_word' id='word_1_118' title='bbox 534 1881 680 1945; x_wconf 89' lang='lat' dir='ltr'>rationem</span> <span class='ocrx_word' id='word_1_119' title='bbox 699 1877 845 1965; x_wconf 87' lang='lat' dir='ltr'>passionis</span> <span class='ocrx_word' id='word_1_120' title='bbox 880 1876 1045 1965; x_wconf 84' lang='lat' dir='ltr'>requiritur</span> <span class='ocrx_word' id='word_1_121' title='bbox 1067 1876 1152 1964; x_wconf 86' lang='lat' dir='ltr'>quod</span> <span class='ocrx_word' id='word_1_122' title='bbox 1172 1893 1237 1962; x_wconf 87' lang='lat' dir='ltr'>qua·</span> 
     </span>
     <span class='ocr_line' id='line_1_18' title="bbox 126 1977 1235 2066; baseline -0.003 -22"><span class='ocrx_word' id='word_1_123' title='bbox 126 1977 194 2044; x_wconf 87' lang='lat' dir='ltr'>litas</span> <span class='ocrx_word' id='word_1_124' title='bbox 228 1977 401 2045; x_wconf 81' lang='lat' dir='ltr'>introducta</span> <span class='ocrx_word' id='word_1_125' title='bbox 424 1977 463 2044; x_wconf 89' lang='lat' dir='ltr'>sit</span> <span class='ocrx_word' id='word_1_126' title='bbox 486 1986 638 2062; x_wconf 74' lang='lat' dir='ltr'>extranea,</span> <span class='ocrx_word' id='word_1_127' title='bbox 663 1989 693 2045; x_wconf 87' lang='lat' dir='ltr'>et</span> <span class='ocrx_word' id='word_1_128' title='bbox 716 1980 844 2066; x_wconf 83' lang='lat' dir='ltr'>qualitas</span> <span class='ocrx_word' id='word_1_129' title='bbox 867 1978 979 2046; x_wconf 83' lang='lat' dir='ltr'>abiecta</span> <span class='ocrx_word' id='word_1_130' title='bbox 1002 1977 1043 2045; x_wconf 87' lang='lat' dir='ltr'>sit</span> <span class='ocrx_word' id='word_1_131' title='bbox 1065 1983 1235 2043; x_wconf 88' lang='lat' dir='ltr'>connatura-</span> 
     </span>
     <span class='ocr_line' id='line_1_19' title="bbox 127 2076 1235 2169; baseline -0.005 -23"><span class='ocrx_word' id='word_1_132' title='bbox 127 2078 191 2161; x_wconf 81' lang='lat' dir='ltr'>lis3</span> <span class='ocrx_word' id='word_1_133' title='bbox 216 2080 298 2167; x_wconf 86' lang='lat' dir='ltr'>qnod</span> <span class='ocrx_word' id='word_1_134' title='bbox 320 2079 470 2167; x_wconf 82' lang='lat' dir='ltr'>contingit</span> <span class='ocrx_word' id='word_1_135' title='bbox 493 2103 529 2148; x_wconf 83' lang='lat' dir='ltr'>ex</span> <span class='ocrx_word' id='word_1_136' title='bbox 561 2080 645 2165; x_wconf 87' lang='lat' dir='ltr'>hoc,</span> <span class='ocrx_word' id='word_1_137' title='bbox 670 2081 751 2168; x_wconf 82' lang='lat' dir='ltr'>quod</span> <span class='ocrx_word' id='word_1_138' title='bbox 777 2080 875 2169; x_wconf 77' lang='lat' dir='ltr'>passio</span> <span class='ocrx_word' id='word_1_139' title='bbox 900 2081 1045 2168; x_wconf 88' lang='lat' dir='ltr'>importat</span> <span class='ocrx_word' id='word_1_140' title='bbox 1082 2076 1235 2164; x_wconf 82' lang='lat' dir='ltr'>quamdam</span> 
     </span>
     <span class='ocr_line' id='line_1_20' title="bbox 126 2174 1233 2270; baseline -0.004 -25"><span class='ocrx_word' id='word_1_141' title='bbox 126 2179 283 2248; x_wconf 81' lang='lat' dir='ltr'>victoriam</span> <span class='ocrx_word' id='word_1_142' title='bbox 307 2181 424 2269; x_wconf 84' lang='lat' dir='ltr'>agentis</span> <span class='ocrx_word' id='word_1_143' title='bbox 458 2201 549 2270; x_wconf 85' lang='lat' dir='ltr'>super</span> <span class='ocrx_word' id='word_1_144' title='bbox 584 2182 709 2270; x_wconf 74' lang='lat' dir='ltr'>patiens,</span> <span class='ocrx_word' id='word_1_145' title='bbox 746 2203 838 2250; x_wconf 91' lang='lat' dir='ltr'>omne</span> <span class='ocrx_word' id='word_1_146' title='bbox 859 2192 960 2248; x_wconf 88' lang='lat' dir='ltr'>autom</span> <span class='ocrx_word' id='word_1_147' title='bbox 985 2179 1068 2268; x_wconf 87' lang='lat' dir='ltr'>quod</span> <span class='ocrx_word' id='word_1_148' title='bbox 1093 2174 1233 2258; x_wconf 87' lang='lat' dir='ltr'>vincitur,</span> 
     </span>
     <span class='ocr_line' id='line_1_21' title="bbox 124 2279 1233 2373; baseline -0.004 -26"><span class='ocrx_word' id='word_1_149' title='bbox 124 2283 210 2370; x_wconf 82' lang='lat' dir='ltr'>quasi</span> <span class='ocrx_word' id='word_1_150' title='bbox 235 2282 364 2350; x_wconf 83' lang='lat' dir='ltr'>trahitur</span> <span class='ocrx_word' id='word_1_151' title='bbox 386 2293 469 2350; x_wconf 85' lang='lat' dir='ltr'>extra</span> <span class='ocrx_word' id='word_1_152' title='bbox 495 2283 639 2353; x_wconf 84' lang='lat' dir='ltr'>tanninos</span> <span class='ocrx_word' id='word_1_153' title='bbox 669 2283 806 2373; x_wconf 89' lang='lat' dir='ltr'>proprios</span> <span class='ocrx_word' id='word_1_154' title='bbox 840 2283 874 2350; x_wconf 82' lang='lat' dir='ltr'>ml</span> <span class='ocrx_word' id='word_1_155' title='bbox 902 2281 1047 2350; x_wconf 85' lang='lat' dir='ltr'>terminos</span> <span class='ocrx_word' id='word_1_156' title='bbox 1069 2279 1192 2359; x_wconf 67' lang='lat' dir='ltr'>alienos</span> <span class='ocrx_word' id='word_1_157' title='bbox 1209 2285 1233 2345; x_wconf 87' lang='lat' dir='ltr'>et</span> 
     </span>
     <span class='ocr_line' id='line_1_22' title="bbox 127 2376 1275 2472; baseline -0.008 -20"><span class='ocrx_word' id='word_1_158' title='bbox 127 2387 193 2452; x_wconf 85' lang='lat' dir='ltr'>ideo</span> <span class='ocrx_word' id='word_1_159' title='bbox 216 2383 419 2470; x_wconf 84' lang='lat' dir='ltr'>alterationes,</span> <span class='ocrx_word' id='word_1_160' title='bbox 444 2403 521 2471; x_wconf 87' lang='lat' dir='ltr'>quae</span> <span class='ocrx_word' id='word_1_161' title='bbox 544 2384 728 2471; x_wconf 78' lang='lat' dir='ltr'>contingunt</span> <span class='ocrx_word' id='word_1_162' title='bbox 753 2393 867 2472; x_wconf 88' lang='lat' dir='ltr'>praeter</span> <span class='ocrx_word' id='word_1_163' title='bbox 881 2392 1024 2450; x_wconf 89' lang='lat' dir='ltr'>naturam</span> <span class='ocrx_word' id='word_1_164' title='bbox 1040 2376 1168 2465; x_wconf 87' lang='lat' dir='ltr'>alterati,</span> <span class='ocrx_word' id='word_1_165' title='bbox 1181 2394 1231 2443; x_wconf 88' lang='lat' dir='ltr'>ma·</span> <span class='ocrx_word' id='word_1_166' title='bbox 1269 2376 1275 2457; x_wconf 81' lang='lat'>¹:</span> 
     </span>
     <span class='ocr_line' id='line_1_23' title="bbox 125 2483 1275 2575; baseline -0.005 -25"><span class='ocrx_word' id='word_1_167' title='bbox 125 2483 173 2571; x_wconf 83' lang='lat' dir='ltr'>gis</span> <span class='ocrx_word' id='word_1_168' title='bbox 197 2486 316 2574; x_wconf 88' lang='lat' dir='ltr'>proprie</span> <span class='ocrx_word' id='word_1_169' title='bbox 332 2485 478 2553; x_wconf 85' lang='lat' dir='ltr'>dicuntur</span> <span class='ocrx_word' id='word_1_170' title='bbox 509 2484 662 2573; x_wconf 85' lang='lat' dir='ltr'>passiones</span> <span class='ocrx_word' id='word_1_171' title='bbox 687 2485 710 2553; x_wconf 83' lang='lat'>³.</span> <span class='ocrx_word' id='word_1_172' title='bbox 739 2488 841 2553; x_wconf 64' lang='lat' dir='ltr'>latera</span> <span class='ocrx_word' id='word_1_173' title='bbox 862 2486 1009 2575; x_wconf 86' lang='lat' dir='ltr'>propr-ie,</span> <span class='ocrx_word' id='word_1_174' title='bbox 1035 2483 1124 2569; x_wconf 88' lang='lat' dir='ltr'>illud,</span> <span class='ocrx_word' id='word_1_175' title='bbox 1148 2496 1232 2566; x_wconf 87' lang='lat' dir='ltr'>aquo</span> <span class='ocrx_word' id='word_1_176' title='bbox 1273 2530 1275 2535; x_wconf 91' lang='lat'><em>.</em></span> 
     </span>
     <span class='ocr_line' id='line_1_24' title="bbox 128 2579 1234 2675; baseline -0.005 -23"><span class='ocrx_word' id='word_1_177' title='bbox 128 2586 242 2672; x_wconf 83' lang='lat' dir='ltr'>aliquid</span> <span class='ocrx_word' id='word_1_178' title='bbox 266 2586 418 2675; x_wconf 79' lang='lat' dir='ltr'>obiicitur,</span> <span class='ocrx_word' id='word_1_179' title='bbox 443 2600 473 2656; x_wconf 90' lang='lat' dir='ltr'>et</span> <span class='ocrx_word' id='word_1_180' title='bbox 496 2587 577 2655; x_wconf 88' lang='lat' dir='ltr'>aliud</span> <span class='ocrx_word' id='word_1_181' title='bbox 600 2588 745 2674; x_wconf 88' lang='lat' dir='ltr'>recipitur</span> <span class='ocrx_word' id='word_1_182' title='bbox 776 2587 837 2656; x_wconf 85' lang='lat' dir='ltr'>sire</span> <span class='ocrx_word' id='word_1_183' title='bbox 860 2590 899 2655; x_wconf 89' lang='lat' dir='ltr'>sit</span> <span class='ocrx_word' id='word_1_184' title='bbox 921 2585 947 2655; x_wconf 91' lang='lat' dir='ltr'>ci</span> <span class='ocrx_word' id='word_1_185' title='bbox 971 2579 1234 2670; x_wconf 62' lang='lat' dir='ltr'>conveniensem</span> 
     </span>
     <span class='ocr_line' id='line_1_25' title="bbox 129 2678 1275 2779; baseline -0.009 -25"><span class='ocrx_word' id='word_1_186' title='bbox 129 2707 219 2760; x_wconf 80' lang='lat' dir='ltr'>non;</span> <span class='ocrx_word' id='word_1_187' title='bbox 244 2687 308 2754; x_wconf 83' lang='lat' dir='ltr'>[loc</span> <span class='ocrx_word' id='word_1_188' title='bbox 332 2708 422 2757; x_wconf 86' lang='lat' dir='ltr'>sensu</span> <span class='ocrx_word' id='word_1_189' title='bbox 456 2688 568 2756; x_wconf 84' lang='lat' dir='ltr'>dicitur</span> <span class='ocrx_word' id='word_1_190' title='bbox 587 2692 657 2779; x_wconf 83' lang='lat' dir='ltr'>poti</span> <span class='ocrx_word' id='word_1_191' title='bbox 679 2692 772 2758; x_wconf 88' lang='lat' dir='ltr'>homo</span> <span class='ocrx_word' id='word_1_192' title='bbox 796 2710 858 2758; x_wconf 90' lang='lat' dir='ltr'>non</span> <span class='ocrx_word' id='word_1_193' title='bbox 883 2691 983 2757; x_wconf 89' lang='lat' dir='ltr'>solum</span> <span class='ocrx_word' id='word_1_194' title='bbox 1006 2709 1078 2757; x_wconf 90' lang='lat' dir='ltr'>cum</span> <span class='ocrx_word' id='word_1_195' title='bbox 1102 2691 1230 2777; x_wconf 84' lang='lat' dir='ltr'>aegrotat,</span> <span class='ocrx_word' id='word_1_196' title='bbox 1269 2678 1275 2763; x_wconf 71' lang='lat' dir='ltr'>j</span> 
     </span>
     <span class='ocr_line' id='line_1_26' title="bbox 128 2778 1275 2878; baseline -0.004 -22"><span class='ocrx_word' id='word_1_197' title='bbox 128 2790 178 2857; x_wconf 82' lang='lat' dir='ltr'>sal</span> <span class='ocrx_word' id='word_1_198' title='bbox 202 2787 291 2854; x_wconf 88' lang='lat' dir='ltr'>etiam</span> <span class='ocrx_word' id='word_1_199' title='bbox 315 2809 386 2855; x_wconf 87' lang='lat' dir='ltr'>cam</span> <span class='ocrx_word' id='word_1_200' title='bbox 409 2798 554 2875; x_wconf 88' lang='lat' dir='ltr'>sanatur,</span> <span class='ocrx_word' id='word_1_201' title='bbox 580 2801 671 2878; x_wconf 88' lang='lat' dir='ltr'>atque</span> <span class='ocrx_word' id='word_1_202' title='bbox 701 2811 764 2859; x_wconf 91' lang='lat' dir='ltr'>non</span> <span class='ocrx_word' id='word_1_203' title='bbox 788 2793 890 2860; x_wconf 89' lang='lat' dir='ltr'>solum</span> <span class='ocrx_word' id='word_1_204' title='bbox 913 2811 984 2858; x_wconf 91' lang='lat' dir='ltr'>cum</span> <span class='ocrx_word' id='word_1_205' title='bbox 1009 2788 1172 2874; x_wconf 89' lang='lat' dir='ltr'>tristatur,</span> <span class='ocrx_word' id='word_1_206' title='bbox 1191 2781 1231 2850; x_wconf 83' lang='lat' dir='ltr'>sal</span> <span class='ocrx_word' id='word_1_207' title='bbox 1271 2778 1275 2809; x_wconf 81' lang='lat'>³</span> 
     </span>
     <span class='ocr_line' id='line_1_27' title="bbox 131 2881 1232 2979; baseline -0.003 -24"><span class='ocrx_word' id='word_1_208' title='bbox 131 2890 222 2956; x_wconf 87' lang='lat' dir='ltr'>etiam</span> <span class='ocrx_word' id='word_1_209' title='bbox 246 2909 315 2955; x_wconf 90' lang='lat' dir='ltr'>cnm</span> <span class='ocrx_word' id='word_1_210' title='bbox 347 2891 486 2958; x_wconf 87' lang='lat' dir='ltr'>laetatur.</span> <span class='ocrx_word' id='word_1_211' title='bbox 511 2891 731 2978; x_wconf 82' lang='lat' dir='ltr'>Commarriter,</span> <span class='ocrx_word' id='word_1_212' title='bbox 757 2902 907 2979; x_wconf 76' lang='lat' dir='ltr'>apamenus</span> <span class='ocrx_word' id='word_1_213' title='bbox 929 2911 964 2958; x_wconf 80' lang='lat' dir='ltr'>ex</span> <span class='ocrx_word' id='word_1_214' title='bbox 989 2887 1124 2978; x_wconf 87' lang='lat' dir='ltr'>potentia</span> <span class='ocrx_word' id='word_1_215' title='bbox 1146 2881 1232 2954; x_wconf 83' lang='lat' dir='ltr'>transit</span> 
     </span>
     <span class='ocr_line' id='line_1_28' title="bbox 128 2986 1275 3080; baseline -0.001 -24"><span class='ocrx_word' id='word_1_216' title='bbox 128 2991 166 3057; x_wconf 84' lang='lat' dir='ltr'>atl</span> <span class='ocrx_word' id='word_1_217' title='bbox 190 3000 315 3078; x_wconf 73' lang='lat' dir='ltr'>acturae,</span> <span class='ocrx_word' id='word_1_218' title='bbox 340 3011 448 3080; x_wconf 87' lang='lat' dir='ltr'>nempe</span> <span class='ocrx_word' id='word_1_219' title='bbox 470 3001 620 3080; x_wconf 77' lang='lat' dir='ltr'>rprratcnus</span> <span class='ocrx_word' id='word_1_220' title='bbox 643 2991 747 3079; x_wconf 86' lang='lat' dir='ltr'>recipit</span> <span class='ocrx_word' id='word_1_221' title='bbox 772 2991 867 3078; x_wconf 88' lang='lat' dir='ltr'>illud,</span> <span class='ocrx_word' id='word_1_222' title='bbox 891 2991 929 3058; x_wconf 91' lang='lat' dir='ltr'>ad</span> <span class='ocrx_word' id='word_1_223' title='bbox 951 2990 1034 3078; x_wconf 75' lang='lat' dir='ltr'>qtaod</span> <span class='ocrx_word' id='word_1_224' title='bbox 1055 3000 1121 3058; x_wconf 87' lang='lat' dir='ltr'>erat</span> <span class='ocrx_word' id='word_1_225' title='bbox 1142 2989 1171 3056; x_wconf 91' lang='lat' dir='ltr'>ia</span> <span class='ocrx_word' id='word_1_226' title='bbox 1191 3004 1232 3074; x_wconf 88' lang='lat' dir='ltr'>pa·</span> <span class='ocrx_word' id='word_1_227' title='bbox 1273 2986 1275 2993; x_wconf 85' lang='lat'>&#39;</span> 
     </span>
     <span class='ocr_line' id='line_1_29' title="bbox 129 3086 1232 3180; baseline -0.002 -24"><span class='ocrx_word' id='word_1_228' title='bbox 129 3092 230 3158; x_wconf 85' lang='lat' dir='ltr'>tentia:</span> <span class='ocrx_word' id='word_1_229' title='bbox 257 3092 321 3160; x_wconf 88' lang='lat' dir='ltr'>Hoc</span> <span class='ocrx_word' id='word_1_230' title='bbox 343 3113 433 3161; x_wconf 83' lang='lat' dir='ltr'>sensu</span> <span class='ocrx_word' id='word_1_231' title='bbox 456 3092 522 3180; x_wconf 80' lang='lat' dir='ltr'>parti</span> <span class='ocrx_word' id='word_1_232' title='bbox 542 3089 687 3180; x_wconf 87' lang='lat' dir='ltr'>accipitur</span> <span class='ocrx_word' id='word_1_233' title='bbox 709 3112 763 3179; x_wconf 91' lang='lat' dir='ltr'>pro</span> <span class='ocrx_word' id='word_1_234' title='bbox 785 3090 918 3178; x_wconf 82' lang='lat' dir='ltr'>qualibet</span> <span class='ocrx_word' id='word_1_235' title='bbox 940 3089 1122 3177; x_wconf 81' lang='lat' dir='ltr'>mutatione,</span> <span class='ocrx_word' id='word_1_236' title='bbox 1146 3086 1232 3157; x_wconf 86' lang='lat' dir='ltr'>aliaru-</span> 
     </span>
     <span class='ocr_line' id='line_1_30' title="bbox 128 3192 1232 3283; baseline -0.005 -23"><span class='ocrx_word' id='word_1_237' title='bbox 128 3196 153 3260; x_wconf 86' lang='lat' dir='ltr'>si</span> <span class='ocrx_word' id='word_1_238' title='bbox 171 3195 316 3280; x_wconf 86' lang='lat' dir='ltr'>pertineat</span> <span class='ocrx_word' id='word_1_239' title='bbox 342 3196 378 3261; x_wconf 78' lang='lat' dir='ltr'>ael</span> <span class='ocrx_word' id='word_1_240' title='bbox 397 3193 607 3280; x_wconf 83' lang='lat' dir='ltr'>perlectionem</span> <span class='ocrx_word' id='word_1_241' title='bbox 631 3204 768 3276; x_wconf 67' lang='lat' dir='ltr'>naturam</span> <span class='ocrx_word' id='word_1_242' title='bbox 793 3203 884 3281; x_wconf 88' lang='lat' dir='ltr'>atque</span> <span class='ocrx_word' id='word_1_243' title='bbox 906 3192 1033 3283; x_wconf 87' lang='lat' dir='ltr'>proinde</span> <span class='ocrx_word' id='word_1_244' title='bbox 1065 3195 1232 3261; x_wconf 81' lang='lat' dir='ltr'>transmota-</span> 
     </span>
     <span class='ocr_line' id='line_1_31' title="bbox 128 3294 1233 3384; baseline -0.001 -26"><span class='ocrx_word' id='word_1_245' title='bbox 128 3297 241 3362; x_wconf 87' lang='lat' dir='ltr'>tioaem</span> <span class='ocrx_word' id='word_1_246' title='bbox 265 3295 430 3362; x_wconf 76' lang='lat' dir='ltr'>sensibilem</span> <span class='ocrx_word' id='word_1_247' title='bbox 462 3295 493 3363; x_wconf 91' lang='lat' dir='ltr'>in</span> <span class='ocrx_word' id='word_1_248' title='bbox 516 3295 564 3366; x_wconf 91' lang='lat' dir='ltr'>sui</span> <span class='ocrx_word' id='word_1_249' title='bbox 586 3298 703 3367; x_wconf 88' lang='lat' dir='ltr'>ratione</span> <span class='ocrx_word' id='word_1_250' title='bbox 727 3317 789 3365; x_wconf 93' lang='lat' dir='ltr'>non</span> <span class='ocrx_word' id='word_1_251' title='bbox 813 3295 952 3377; x_wconf 78' lang='lat' dir='ltr'>includit3</span> <span class='ocrx_word' id='word_1_252' title='bbox 970 3295 1052 3367; x_wconf 91' lang='lat' dir='ltr'>unde</span> <span class='ocrx_word' id='word_1_253' title='bbox 1075 3294 1173 3384; x_wconf 86' lang='lat' dir='ltr'>ipsum</span> <span class='ocrx_word' id='word_1_254' title='bbox 1191 3306 1233 3360; x_wconf 89' lang='lat' dir='ltr'>nr·</span> 
     </span>
     <span class='ocr_line' id='line_1_32' title="bbox 131 3394 962 3492; baseline 0.005 -32"><span class='ocrx_word' id='word_1_255' title='bbox 131 3406 229 3463; x_wconf 87' lang='lat' dir='ltr'>stram</span> <span class='ocrx_word' id='word_1_256' title='bbox 253 3397 420 3492; x_wconf 80' lang='lat' dir='ltr'>iratellipere</span> <span class='ocrx_word' id='word_1_257' title='bbox 442 3394 500 3464; x_wconf 89' lang='lat' dir='ltr'>dici</span> <span class='ocrx_word' id='word_1_258' title='bbox 525 3407 622 3487; x_wconf 88' lang='lat' dir='ltr'>potest</span> <span class='ocrx_word' id='word_1_259' title='bbox 643 3397 791 3486; x_wconf 83' lang='lat' dir='ltr'>quaedam</span> <span class='ocrx_word' id='word_1_260' title='bbox 811 3398 918 3490; x_wconf 6' lang='lat' dir='ltr'>prosto*</span> <span class='ocrx_word' id='word_1_261' title='bbox 935 3396 962 3464; x_wconf 83' lang='lat'>⁴.</span> 
     </span>
    </p>

    <p class='ocr_par' dir='ltr' id='par_1_5' title="bbox 177 3492 1236 3582">
     <span class='ocr_line' id='line_1_33' title="bbox 177 3492 1236 3582; baseline -0.001 -19"><span class='ocrx_word' id='word_1_262' title='bbox 177 3497 251 3564; x_wconf 89' lang='lat' dir='ltr'>Vllt.</span> <span class='ocrx_word' id='word_1_263' title='bbox 278 3497 441 3568; x_wconf 74' lang='lat' dir='ltr'>Perennis</span> <span class='ocrx_word' id='word_1_264' title='bbox 464 3492 795 3575; x_wconf 68' lang='lat' dir='ltr'>octenas-Passa.</span> <span class='ocrx_word' id='word_1_265' title='bbox 825 3496 1033 3568; x_wconf 89' lang='lat' dir='ltr'>Pertiuentad</span> <span class='ocrx_word' id='word_1_266' title='bbox 1051 3495 1169 3566; x_wconf 87' lang='lat' dir='ltr'>tertiam</span> <span class='ocrx_word' id='word_1_267' title='bbox 1183 3510 1236 3582; x_wconf 85' lang='lat' dir='ltr'>spe·</span> 
     </span>
    </p>
   </div>
   <div class='ocr_carea' id='block_1_2' title="bbox 121 3707 1242 4295">
    <p class='ocr_par' dir='ltr' id='par_1_6' title="bbox 121 3707 1242 3954">
     <span class='ocr_line' id='line_1_34' title="bbox 121 3707 1239 3785; baseline -0.004 -18"><span class='ocrx_word' id='word_1_268' title='bbox 121 3760 124 3784; x_wconf 64' lang='lat'>,</span> <span class='ocrx_word' id='word_1_269' title='bbox 168 3712 191 3779; x_wconf 72' lang='lat' dir='ltr'>l)</span> <span class='ocrx_word' id='word_1_270' title='bbox 211 3713 239 3768; x_wconf 88' lang='lat' dir='ltr'>ta</span> <span class='ocrx_word' id='word_1_271' title='bbox 259 3711 307 3767; x_wconf 83' lang='lat' dir='ltr'>tta.</span> <span class='ocrx_word' id='word_1_272' title='bbox 329 3713 350 3767; x_wconf 89' lang='lat' dir='ltr'>tt</span> <span class='ocrx_word' id='word_1_273' title='bbox 370 3714 473 3782; x_wconf 72' lang='lat' dir='ltr'>Serra,</span> <span class='ocrx_word' id='word_1_274' title='bbox 494 3713 563 3770; x_wconf 84' lang='lat' dir='ltr'>Dist.</span> <span class='ocrx_word' id='word_1_275' title='bbox 585 3711 681 3785; x_wconf 85' lang='lat' dir='ltr'>xvttt,</span> <span class='ocrx_word' id='word_1_276' title='bbox 701 3729 730 3784; x_wconf 85' lang='lat' dir='ltr'>q.</span> <span class='ocrx_word' id='word_1_277' title='bbox 748 3712 771 3782; x_wconf 89' lang='lat'>1,</span> <span class='ocrx_word' id='word_1_278' title='bbox 791 3726 818 3768; x_wconf 89' lang='lat' dir='ltr'>a.</span> <span class='ocrx_word' id='word_1_279' title='bbox 839 3709 913 3768; x_wconf 85' lang='lat' dir='ltr'>(iad</span> <span class='ocrx_word' id='word_1_280' title='bbox 932 3708 959 3767; x_wconf 89' lang='lat'>1.</span> <span class='ocrx_word' id='word_1_281' title='bbox 979 3711 1052 3768; x_wconf 84' lang='lat' dir='ltr'>Hinc</span> <span class='ocrx_word' id='word_1_282' title='bbox 1075 3711 1155 3769; x_wconf 84' lang='lat' dir='ltr'>rides</span> <span class='ocrx_word' id='word_1_283' title='bbox 1172 3707 1239 3766; x_wconf 78' lang='lat' dir='ltr'>illan</span> 
     </span>
     <span class='ocr_line' id='line_1_35' title="bbox 135 3796 1238 3868; baseline 0.002 -20"><span class='ocrx_word' id='word_1_284' title='bbox 135 3796 269 3866; x_wconf 82' lang='lat' dir='ltr'>loquenti</span> <span class='ocrx_word' id='word_1_285' title='bbox 291 3799 453 3868; x_wconf 89' lang='lat' dir='ltr'>rationem,</span> <span class='ocrx_word' id='word_1_286' title='bbox 474 3811 530 3867; x_wconf 84' lang='lat' dir='ltr'>qna</span> <span class='ocrx_word' id='word_1_287' title='bbox 549 3797 645 3852; x_wconf 89' lang='lat' dir='ltr'>omnia</span> <span class='ocrx_word' id='word_1_288' title='bbox 664 3811 728 3852; x_wconf 86' lang='lat' dir='ltr'>esse</span> <span class='ocrx_word' id='word_1_289' title='bbox 740 3796 983 3866; x_wconf 83' lang='lat' dir='ltr'>participationes</span> <span class='ocrx_word' id='word_1_290' title='bbox 1003 3796 1130 3854; x_wconf 78' lang='lat' dir='ltr'>Diuinm</span> <span class='ocrx_word' id='word_1_291' title='bbox 1148 3797 1238 3852; x_wconf 78' lang='lat' dir='ltr'>tirren-</span> 
     </span>
     <span class='ocr_line' id='line_1_36' title="bbox 135 3877 1242 3954; baseline -0.004 -19"><span class='ocrx_word' id='word_1_292' title='bbox 135 3882 192 3935; x_wconf 86' lang='lat' dir='ltr'>a&#39;ae</span> <span class='ocrx_word' id='word_1_293' title='bbox 212 3882 368 3954; x_wconf 68' lang='lat' dir='ltr'>(licuntur,</span> <span class='ocrx_word' id='word_1_294' title='bbox 390 3882 613 3954; x_wconf 86' lang='lat' dir='ltr'>pantheistarum</span> <span class='ocrx_word' id='word_1_295' title='bbox 633 3881 789 3938; x_wconf 87' lang='lat' dir='ltr'>sententiae</span> <span class='ocrx_word' id='word_1_296' title='bbox 810 3881 877 3937; x_wconf 86' lang='lat' dir='ltr'>nihil</span> <span class='ocrx_word' id='word_1_297' title='bbox 892 3881 1012 3938; x_wconf 83' lang='lat' dir='ltr'>omnino</span> <span class='ocrx_word' id='word_1_298' title='bbox 1025 3877 1242 3954; x_wconf 73' lang='lat' dir='ltr'>proclamavit.</span> 
     </span>
    </p>

    <p class='ocr_par' dir='ltr' id='par_1_7' title="bbox 167 4049 460 4120">
     <span class='ocr_line' id='line_1_37' title="bbox 167 4049 460 4120; baseline 0.003 -14"><span class='ocrx_word' id='word_1_299' title='bbox 167 4052 191 4117; x_wconf 81' lang='lat'>²)</span> <span class='ocrx_word' id='word_1_300' title='bbox 211 4051 271 4106; x_wconf 84' lang='lat' dir='ltr'>vm.</span> <span class='ocrx_word' id='word_1_301' title='bbox 292 4067 318 4120; x_wconf 86' lang='lat' dir='ltr'>p.</span> <span class='ocrx_word' id='word_1_302' title='bbox 336 4049 460 4107; x_wconf 83' lang='lat' dir='ltr'>tuo-107.</span> 
     </span>
    </p>

    <p class='ocr_par' dir='ltr' id='par_1_8' title="bbox 166 4133 997 4209">
     <span class='ocr_line' id='line_1_38' title="bbox 166 4133 997 4209; baseline 0.008 -20"><span class='ocrx_word' id='word_1_303' title='bbox 166 4133 188 4205; x_wconf 79' lang='lat'>³)</span> <span class='ocrx_word' id='word_1_304' title='bbox 207 4136 236 4191; x_wconf 91' lang='lat' dir='ltr'>tn</span> <span class='ocrx_word' id='word_1_305' title='bbox 257 4136 304 4192; x_wconf 77' lang='lat' dir='ltr'>aa,</span> <span class='ocrx_word' id='word_1_306' title='bbox 326 4138 357 4190; x_wconf 89' lang='lat' dir='ltr'>tlt</span> <span class='ocrx_word' id='word_1_307' title='bbox 378 4137 469 4207; x_wconf 74' lang='lat' dir='ltr'>Sena,</span> <span class='ocrx_word' id='word_1_308' title='bbox 491 4135 560 4193; x_wconf 85' lang='lat' dir='ltr'>Dist.</span> <span class='ocrx_word' id='word_1_309' title='bbox 581 4135 639 4208; x_wconf 85' lang='lat' dir='ltr'>XV,</span> <span class='ocrx_word' id='word_1_310' title='bbox 661 4155 687 4207; x_wconf 80' lang='lat' dir='ltr'>q.</span> <span class='ocrx_word' id='word_1_311' title='bbox 710 4137 742 4206; x_wconf 86' lang='lat' dir='ltr'>a,</span> <span class='ocrx_word' id='word_1_312' title='bbox 763 4152 789 4190; x_wconf 88' lang='lat' dir='ltr'>a.</span> <span class='ocrx_word' id='word_1_313' title='bbox 812 4136 832 4206; x_wconf 87' lang='lat' dir='ltr'>t,</span> <span class='ocrx_word' id='word_1_314' title='bbox 853 4137 906 4193; x_wconf 87' lang='lat' dir='ltr'>sol.</span> <span class='ocrx_word' id='word_1_315' title='bbox 928 4139 948 4209; x_wconf 90' lang='lat' dir='ltr'>t,</span> <span class='ocrx_word' id='word_1_316' title='bbox 969 4154 997 4197; x_wconf 92' lang='lat' dir='ltr'>c.</span> 
     </span>
    </p>

    <p class='ocr_par' dir='ltr' id='par_1_9' title="bbox 169 4219 921 4295">
     <span class='ocr_line' id='line_1_39' title="bbox 169 4219 921 4295; baseline 0.012 -23"><span class='ocrx_word' id='word_1_317' title='bbox 169 4221 193 4291; x_wconf 80' lang='lat'>⁴)</span> <span class='ocrx_word' id='word_1_318' title='bbox 214 4220 233 4291; x_wconf 86' lang='lat' dir='ltr'>l,</span> <span class='ocrx_word' id='word_1_319' title='bbox 254 4239 280 4292; x_wconf 86' lang='lat' dir='ltr'>q.</span> <span class='ocrx_word' id='word_1_320' title='bbox 304 4219 426 4293; x_wconf 76' lang='lat' dir='ltr'>LXXIX,</span> <span class='ocrx_word' id='word_1_321' title='bbox 449 4239 475 4277; x_wconf 87' lang='lat' dir='ltr'>a.</span> <span class='ocrx_word' id='word_1_322' title='bbox 495 4220 512 4277; x_wconf 83' lang='lat'>2</span> <span class='ocrx_word' id='word_1_323' title='bbox 532 4236 571 4294; x_wconf 72' lang='lat' dir='ltr'>(a,</span> <span class='ocrx_word' id='word_1_324' title='bbox 592 4234 618 4278; x_wconf 80' lang='lat' dir='ltr'>et</span> <span class='ocrx_word' id='word_1_325' title='bbox 640 4242 665 4294; x_wconf 81' lang='lat' dir='ltr'>q.</span> <span class='ocrx_word' id='word_1_326' title='bbox 690 4220 792 4295; x_wconf 81' lang='lat' dir='ltr'>xcvii,</span> <span class='ocrx_word' id='word_1_327' title='bbox 813 4237 838 4280; x_wconf 79' lang='lat' dir='ltr'>a.</span> <span class='ocrx_word' id='word_1_328' title='bbox 860 4222 877 4280; x_wconf 85' lang='lat'>2</span> <span class='ocrx_word' id='word_1_329' title='bbox 896 4240 921 4280; x_wconf 77' lang='lat' dir='ltr'>a.</span> 
     </span>
    </p>
   </div>
   <div class='ocr_carea' id='block_1_3' title="bbox 0 0 1376 4770">
    <p class='ocr_par' dir='ltr' id='par_1_10' title="bbox 0 0 1376 4770">
     <span class='ocr_line' id='line_1_40' title="bbox 0 0 1376 4770; baseline 0 1"><span class='ocrx_word' id='word_1_330' title='bbox 0 0 1376 4770; x_wconf 95' lang='lat' dir='ltr'> </span> 
     </span>
    </p>
   </div>
  </div>
 </body>
</html>
