2760 4770
126 393 192 444 esse
212 369 335 458 dicitur,
359 378 395 439 ut
417 369 616 459 oripirmliter,
641 369 704 438 sivo
733 380 769 438 ut
791 369 822 438 in
847 369 1017 462 principio,
1042 394 1060 441 a
1084 390 1148 460 quo
1172 370 1250 457 lluit,

127 475 167 544 sit
183 475 214 544 io
228 484 348 564 agente,
365 472 525 542 subiect-icc
546 482 659 559 autem,
674 471 736 542 sire
752 481 787 540 ut
811 474 843 543 in
866 475 1012 561 subiecto,
1027 474 1076 543 cui
1101 475 1249 559 inhaeret,

128 577 169 650 sit
191 577 222 647 in
245 578 388 666 patiente.
408 575 584 645 Quidum
604 575 680 646 alios
696 598 779 665 vero,
798 576 907 665 lorma,
926 599 1003 667 quae
1025 598 1078 666 par
1099 576 1251 646 actionem

124 681 278 766 efficitur,
301 688 347 749 est
369 677 401 747 in
425 676 577 766 patiente,
613 678 666 748 scd
695 678 758 769 ipsa
781 679 861 748 actio
892 701 954 748 nou
978 679 1035 747 nisi
1060 679 1092 748 in
1115 690 1248 768 agente,

127 795 285 871 tamquam
309 780 342 849 in
364 776 524 866 subiecto,
548 792 619 860 est;
643 800 676 851 e.
702 801 750 868 g,
774 800 846 848 com
870 782 951 870 ignis
974 782 1038 871 agit
1061 783 1250 869 inaquam,

126 899 164 956 ut
185 907 254 956 eam
276 882 448 968 calefaciat,
473 884 555 951 aliud
580 894 627 953 cst
650 886 729 952 actio
753 882 856 973 ignis,
888 885 969 952 aliud
993 886 1098 967 calor,
1123 884 1178 972 qui
1203 903 1253 972 per

127 989 208 1079 iguis
229 987 380 1056 actionem
405 985 436 1053 in
465 1005 543 1074 aqua
567 984 756 1075 producitur:
782 988 833 1056 illa
857 1008 920 1056 non
944 986 976 1055 in
999 985 1077 1074 alic,
1101 1007 1197 1075 quam
1221 985 1252 1054 in

129 1091 203 1182 igne
224 1101 280 1177 est,
304 1090 387 1157 calor
402 1108 480 1157 sero
502 1087 534 1156 in
557 1108 647 1178 aqua.

174 1194 280 1263 xxvt.
304 1193 404 1264 Acrro
438 1213 504 1264 uon
527 1213 579 1263 rrr
605 1214 677 1262 siun
700 1213 774 1265 sran
803 1213 921 1271 anrouo
951 1214 1048 1264 horu.
1073 1192 1141 1283 lpsa
1170 1192 1253 1264 enim

130 1297 267 1391 operatio
289 1289 401 1366 dicitur
423 1301 536 1376 motas
562 1314 635 1362 nam
664 1295 745 1363 sicut
766 1308 869 1388 motus
890 1306 937 1364 est
958 1306 1045 1363 actus
1061 1295 1196 1378 mobilis;
1214 1296 1253 1367 ita

131 1405 211 1475 actio
232 1413 279 1472 est
300 1415 386 1472 actas
408 1399 526 1490 agentis
542 1399 567 1467 ¹.
593 1398 665 1468 Iade
693 1400 872 1489 perspicitur
900 1400 980 1468 istud
1001 1400 1128 1467 allatam
1146 1399 1255 1467 intelli·

130 1508 266 1598 gendum
288 1522 354 1574 esse
375 1504 413 1571 de
436 1512 522 1570 motu
538 1503 596 1570 late
616 1516 721 1572 sumto
738 1503 764 1590 ²,
781 1524 889 1590 nempe
906 1526 961 1594 pro
977 1523 1172 1591 quacumque
1188 1522 1255 1590 pro-

41 1613 43 1624 '
130 1604 267 1679 cessione
288 1607 327 1675 ab
349 1604 422 1690 alio,
446 1603 586 1692 quamvis
608 1625 672 1673 non
694 1604 734 1671 sit
755 1607 1024 1687 successiva3sunt
1038 1609 1121 1674 cuim
1137 1604 1255 1693 aliquae

130 1709 278 1796 actiones,
303 1726 381 1797 quae
401 1706 438 1775 in
458 1707 588 1776 instanti
610 1705 650 1775 ab
670 1705 828 1796 agentibus
852 1707 1032 1798 procedunt,
1050 1717 1085 1776 ut
1099 1706 1257 1776 illumina*

130 1813 175 1882 tio
197 1810 270 1882 solis
287 1810 311 1881 ³.
1245 1828 1247 1834 ·

176 1912 298 1983 xxvtt.
322 1913 453 1999 Acria,
477 1928 562 1988 ouis
589 1930 807 1981 arrrcrauran
831 1931 990 1984 rnocamr
1014 1933 1055 1982 no
1079 1931 1200 1990 acrouo
1222 1934 1255 1983 a·

132 2027 251 2105 canrs,
276 2035 342 2086 uou
366 2035 488 2085 rorasr
512 2028 591 2084 ussa
615 2033 823 2084 nnooucrrvs
853 2034 968 2084 innius.
1001 2015 1090 2083 Ratio
1113 2015 1258 2104 est,·quia

133 2140 222 2190 scaris
245 2117 325 2186 idern
347 2124 426 2185 esset
449 2113 534 2206 prius
562 2125 594 2182 et
615 2113 766 2204 posterius
793 2115 893 2203 seipso
914 2117 1083 2184 secundum
1108 2117 1203 2186 irlem.
1221 2119 1258 2186 ht

133 2242 206 2292 vero
229 2219 347 2289 axioma
371 2217 601 2308 intelligendum
623 2229 669 2286 est
691 2219 773 2286 huuc
798 2217 829 2286 in
849 2219 988 2286 modum:
1007 2217 1105 2306 Actio,
1121 2240 1203 2307 quae
1216 2217 1259 2286 el-

135 2325 273 2392 hcienter
295 2323 431 2413 procedit
452 2323 492 2390 ab
513 2323 617 2411 aliquo
639 2335 759 2413 agente,
784 2344 848 2393 non
870 2336 969 2412 potest
991 2346 1055 2395 esse
1071 2325 1170 2415 prima
1189 2349 1259 2417 pro-

133 2427 239 2496 ductio
263 2424 370 2518 ipsius:
396 2437 497 2517 potest
521 2436 620 2495 hmeu
641 2447 706 2497 csse
722 2427 827 2495 iterata
843 2428 910 2495 eius
926 2429 1095 2517 productio,
1113 2439 1144 2495 et
1157 2428 1259 2517 quoatl

124 2532 250 2600 'novum
273 2529 400 2598 modurn
422 2528 555 2599 essendi.
580 2528 663 2597 Licet
688 2529 770 2597 enim
794 2529 876 2597 idem
899 2551 962 2599 non
985 2530 1079 2618 possit
1093 2551 1159 2598 esse
1176 2532 1259 2618 prius

134 2631 260 2723 seipso,
293 2641 396 2698 tamen
418 2641 517 2721 potest
538 2630 650 2721 aliquid
674 2642 829 2720 tamquam
864 2633 963 2723 primo
986 2634 1170 2721 productum
1193 2635 1259 2703 esse

30 2775 33 2779 -
133 2733 219 2821 prius
240 2731 340 2822 scipso
363 2743 519 2821 tamquam
541 2733 735 2821 reproducto,
754 2752 807 2800 seu
825 2744 978 2821 tamquam
995 2735 1143 2822 producto
1158 2735 1258 2823 quoad

135 2857 251 2905 novum
276 2833 404 2903 modum
426 2833 557 2903 essendi.
582 2832 740 2918 Quocirca,
764 2835 820 2903 etsi
844 2835 1123 2913 transubstantiatio
1139 2837 1260 2906 Eucha-

135 2937 232 3007 rislica
255 2937 294 3005 sit
315 2937 483 3008 efficienter
503 2956 520 3005 a
542 2937 676 3025 Corpore
705 2936 828 3023 Christi,
854 2938 898 3006 uti
922 2939 961 3006 ab
984 2937 1193 3008 instrumento
1208 2939 1258 3007 Di·

134 3038 253 3109 rinitati
276 3039 452 3125 coniuncto,
477 3048 581 3107 tamm
609 3047 707 3126 potest
729 3040 847 3129 Corpus
871 3038 979 3110 Christi
994 3062 1032 3110 ex
1048 3061 1136 3130 pane,
1154 3052 1188 3112 et
1204 3043 1260 3113 suh

42 3188 45 3195 «
135 3142 292 3233 speciebus
314 3139 530 3209 Eucharisticis
561 3142 739 3231 producere.
766 3141 842 3210 Nam
866 3145 983 3231 Corpus
1006 3143 1128 3229 Christi,
1146 3158 1184 3213 ut
1200 3147 1259 3237 pri-

136 3263 189 3311 mo
213 3244 409 3333 productum,
433 3250 480 3310 est
502 3240 586 3332 prius
608 3244 720 3332 seipso,
746 3243 789 3311 uti
814 3245 995 3332 reproducto
1019 3246 1077 3314 sub
1098 3268 1181 3316 novo
1196 3268 1261 3316 mo·¹

134 3345 175 3413 do
197 3343 314 3414 essendi
337 3342 564 3426 Sacramentali,
583 3345 664 3415 unde
686 3346 767 3414 illam
791 3367 855 3415 non
877 3357 923 3415 est
945 3346 1042 3436 priuS,
1061 3359 1091 3416 et
1108 3351 1259 3439 posterius

134 3447 234 3536 seipso
255 3447 424 3517 secundum
448 3446 528 3516 idem
542 3449 568 3515 ⁴.
598 3497 600 3503 ,
1255 3481 1258 3486 ·

117 3585 120 3591 ·
181 3549 316 3617 xxvtu.
341 3551 443 3622 lcrro
466 3571 596 3621 nacrrrr
621 3571 721 3631 ulcis„
742 3569 784 3623 ar
808 3571 918 3623 arnus.
949 3551 1069 3620 Scilicet
1092 3552 1174 3622 actio
1198 3572 1258 3623 nou

134 3651 305 3724 secuudum
329 3672 371 3737 se,
396 3651 447 3720 sed
470 3653 639 3721 secundum
670 3653 795 3741 lormas,
820 3671 874 3721 scu
898 3654 1081 3742 qualitates,
1107 3676 1162 3741 per
1185 3674 1258 3745 quas

137 3757 183 3843 lit,
208 3751 315 3842 recipit
338 3752 436 3842 magis
467 3762 499 3822 ct
520 3752 636 3824 minus.
661 3753 698 3822 E.
723 3775 769 3844 g,
792 3754 947 3826 calefactio
963 3755 1042 3845 ignis
1058 3755 1187 3824 vividior
1202 3769 1257 3846 est,

178 3999 202 4071 ι)
223 4001 245 4070 Ι,
264 4018 292 4074 q.
313 3999 410 4072 xvttt,
430 4017 459 4060 a.
480 3998 498 4057 3
516 4000 552 4058 ad
573 4000 601 4060 1.

59 4109 63 4119 ¹
174 4088 198 4154 ²)
218 4087 283 4143 Vld.
302 4086 398 4144 Motae
411 4090 537 4159 proprie
556 4088 922 4161 acceptata-Improprie
945 4099 1094 4162 acceptos,
1114 4090 1169 4148 litt.
1192 4092 1233 4150 tt.

179 4170 202 4241 ³)
223 4175 264 4228 De
282 4172 328 4228 his
346 4173 403 4230 virt.
423 4175 517 4232 Motus
535 4175 781 4234 tristantuueue-
793 4177 990 4245 successivus,
1011 4177 1064 4232 tltt.
1085 4176 1125 4232 M.
1222 4185 1237 4203 ⁶

172 4260 197 4332 ⁴)
216 4257 279 4318 via.
295 4259 398 4332 Gouet,
417 4260 553 4322 Muuttclc
574 4261 800 4336 Thorrtisturttm,
817 4273 835 4317 t.
854 4259 896 4336 tt,
912 4272 995 4320 tract.
1012 4262 1059 4335 tv,
1078 4276 1106 4317 c.
1121 4262 1166 4335 tv,
1186 4258 1265 4338 §tlt
