2760 4770
178 252 223 321 dd
613 289 659 304 -—
683 252 706 321 Α
731 290 775 304 -

133 378 218 454 suut,
244 387 297 436 seu
320 375 470 457 (protenus
492 365 681 436 distributive
704 377 888 454 sumuntur,
914 378 944 437 et
967 369 1097 439 seorsim
1123 390 1139 435 a
1163 388 1194 434 sc
1215 365 1256 432 in'-

133 465 229 535 vicem
253 479 455 557 spectantur;
479 470 562 537 unde
589 467 665 536 nihil
693 467 835 554 mirum,
861 469 886 538 si
909 469 948 536 ab
972 469 1031 539 iltis
1057 470 1099 536 ita
1121 467 1254 560 spectatis

133 568 171 636 ad
195 580 294 638 totum
317 570 417 662 ipsum
440 571 615 640 consecutio
637 590 700 638 non
724 568 764 638 sit
790 567 938 658 legitima
954 591 971 638 e
987 570 1157 654 contrario,
1177 591 1253 659 prae·

12 726 16 735 .
132 669 230 739 dicata
252 672 422 742 essentialia
444 671 632 742 conveniunt
653 682 685 743 et
708 670 856 763 partibus,
873 685 903 743 et
926 671 994 762 toti,
1012 672 1076 745 sire
1092 671 1253 743 distributi·

134 792 181 888 ue,
206 769 267 842 sire
287 774 434 845 collective
456 785 630 845 sumantur.

480 1287 906 1360 ntsrtrtcrtonns

179 1493 202 1561 1.
229 1495 341 1566 Bouun
364 1496 719 1568 narratura-Bonus
742 1497 1129 1570 nnnununrrnn-Bonuu
1154 1519 1250 1569 noua-

136 1616 248 1666 utrae.
272 1600 395 1668 Bonum
418 1599 639 1685 rodaticum,
665 1621 720 1668 seu
736 1602 775 1666 'in
797 1620 906 1686 peracre
927 1601 1005 1668 eatis
1034 1600 1149 1669 dicitur
1171 1599 1252 1690 qud-

135 1701 223 1789 quid,
247 1714 340 1792 prout
362 1714 433 1772 actu
457 1703 549 1771 habet
571 1724 643 1787 esse,
668 1713 831 1790 spectatur.
850 1704 929 1771 Hinc
944 1704 1121 1774 huiusmodi
1141 1705 1253 1773 boum

131 1806 397 1874 transcendentem
424 1804 516 1874 etiam
538 1806 732 1893 appellatur,
756 1805 829 1892 quia
852 1805 976 1874 cuilibet
1009 1805 1113 1895 generi
1138 1807 1251 1874 entium

136 1908 305 1992 couvenit3
330 1929 402 1977 narn
426 1929 498 1977 cum
521 1908 658 1992 absolute
682 1907 790 1975 melius
812 1909 852 1976 sit
875 1928 955 1993 esse,
979 1929 1074 1995 quam
1097 1929 1163 1977 noo
1183 1929 1251 1990 essa

136 2008 195 2078 hoc
218 2009 284 2101 ipso
307 2010 391 2100 quod
413 2032 468 2082 ens
491 2020 549 2096 est,
574 2009 666 2078 habet
688 2010 820 2098 aliquam
843 2010 1072 2099 perfectionem,
1091 2030 1254 2100 perquam

136 2123 183 2178 est
204 2113 391 2201 appetibsse,
415 2132 452 2181 ac
475 2111 601 2200 proinde
622 2115 668 2180 εει
692 2111 822 2197 bonum,
847 2111 996 2199 siquidem
1021 2112 1141 2180 bonum
1166 2122 1212 2179 est
1233 2111 1253 2178 i·

131 2236 222 2304 psum
245 2235 312 2304 ens,
338 2226 429 2304 prout
451 2215 486 2283 ad
512 2216 680 2305 appetitum
704 2215 845 2284 refertur.
870 2213 957 2282 Hanc
979 2213 1020 2282 ob
1035 2212 1189 2281 rationem
1204 2212 1252 2279 bo

131 2336 207 2384 uum
231 2328 262 2385 ct
284 2337 339 2385 eus
361 2313 508 2384 dicuntur
530 2336 596 2384 esse
618 2314 700 2384 idem
724 2316 894 2384 meandum
917 2335 995 2400 rem,
1021 2317 1067 2383 rel
1090 2310 1252 2384 mamad

130 2421 366 2506 assuesceret,
392 2420 437 2486 vel
459 2418 571 2486 bonum
593 2438 654 2485 esse
674 2416 844 2506 passionem
867 2416 954 2483 cutis.
979 2419 1101 2487 Bonum
1127 2424 1252 2486 trotarra-

132 2519 204 2609 titrr
226 2523 274 2589 vel
295 2520 474 2590 huiusmodi
504 2530 551 2587 est
572 2517 779 2606 simpliciter,
804 2528 835 2585 et
862 2517 974 2585 dicitur
996 2516 1152 2606 quidquid
1172 2517 1251 2585 dudd

130 2621 496 2711 ptercitudiaem’essendi
517 2620 574 2689 sibi
595 2620 829 2704 mnvmiettrm,
846 2638 900 2687 seu
916 2617 946 2686 iu
969 2640 1031 2706 quo
1046 2617 1124 2687 nihil
1147 2640 1248 2690 comm

133 2725 332 2813 desideratur,
348 2747 426 2813 (prae
448 2726 484 2793 ad
509 2725 575 2792 cius
597 2734 724 2790 naturae
740 2722 944 2810 integritatem
970 2721 1185 2808 condimntum
1210 2723 1250 2787 rel

133 2828 301 2895 secuudum
323 2828 399 2916 quid
412 2881 420 2913 ,
445 2838 476 2895 et
498 2824 610 2894 dicitur
634 2823 718 2909 itud,
743 2823 793 2891 cui
815 2825 899 2892 deest
921 2823 1033 2913 aliquid
1056 2823 1098 2892 od
1122 2824 1249 2912 plurita-

79 3003 82 3011 ,
131 2928 233 2996 dinem
256 2931 373 3023 essendi
394 2929 541 3011 debitara·⁷
566 2948 595 2996 c.
621 2949 675 3017 g.‚
700 2926 794 2996 homo
816 2948 921 2996 caecus
944 2937 989 2994 est
1004 2926 1187 2996 natumliter
1202 2927 1248 2994 bo

130 3057 189 3107 nus
211 3039 380 3108 secondum
402 3038 488 3128 quid,
514 3034 664 3125 siquidem
687 3033 773 3100 turbet
797 3033 834 3101 dc
855 3032 985 3101 bordeto
1007 3030 1088 3123 qarod
1110 3031 1203 3116 uiuit,
1225 3034 1248 3094 d

130 3141 249 3210 metum
272 3148 314 3208 est
337 3142 374 3226 ei,
398 3140 479 3230 qued
501 3144 581 3207 caret
605 3139 672 3205 uiso
695 3137 719 3205 ¹.
747 3136 884 3224 Denique
906 3133 1026 3202 bonitas
1041 3132 1183 3220 aemulis,
1207 3131 1246 3196 ret

130 3242 297 3330 inponere
319 3242 415 3309 moris
437 3249 551 3328 spectat
572 3241 609 3308 ad
632 3238 766 3307 actiones
792 3237 885 3305 libare
906 3233 1059 3304 institutas
1082 3237 1245 3303 mundum

129 3346 252 3431 regulas
274 3354 373 3414 rectae
394 3342 533 3412 rationis.

176 3446 213 3513 u.
239 3446 350 3516 Bonam
373 3463 696 3517 nounsauu—urnn
710 3462 988 3512 -unnncmmnn
1015 3443 1140 3510 Boreum
1162 3438 1245 3508 hane·

127 3555 208 3616 stram
231 3560 277 3617 cst
298 3550 381 3637 spuod
404 3547 556 3639 appetitur
580 3565 632 3636 per
654 3565 698 3631 so,
716 3564 825 3634 nempe
851 3554 974 3632 propter
993 3541 1244 3619 convenientiam,

127 3671 219 3737 quam
243 3651 345 3739 habet,
369 3671 441 3719 cum
465 3649 593 3734 ratione,
617 3669 646 3718 e.
672 3669 725 3735 g.,
750 3647 860 3716 virtus.
878 3639 998 3714 Bonum
1013 3644 1088 3716 utile
1101 3654 1151 3714 est
1166 3641 1243 3732 qum

125 3753 289 3842 appetitur,
314 3763 406 3841 prout
428 3761 475 3819 cst
498 3749 634 3819 medium
656 3747 693 3814 ad
716 3750 846 3815 alterum
870 3747 987 3830 bonum
1004 3745 1243 3836 adipiscendum,

124 3878 153 3922 c.
166 3877 219 3944 g.,
242 3856 328 3923 cibus
352 3863 490 3944 respectu
516 3850 602 3920 ritae.
630 3849 660 3918 td
685 3859 797 3937 autern,
820 3873 834 3912 a
853 3849 936 3938 quod
963 3847 1105 3915 terminat
1129 3857 1253 3914 motum

123 3956 286 4047 appetitus,
310 3966 345 4027 ut
366 3954 452 4048 quies
474 3954 505 4025 in
529 3975 561 4025 re
583 3951 761 4038 desiderata,
786 3965 831 4022 est
854 3948 1040 4022 delectatio²
1069 3975 1100 4031 ι,
1127 3950 1191 4020 iam
1214 3949 1248 4055 i'1

160 4188 184 4256 ⁸)
201 4144 265 4246 tid.
285 4202 309 4245 s.
329 4185 445 4258 Thom,
464 4185 492 4243 t·
512 4182 571 4257 2⁸⁸,
593 4205 621 4257 o.
642 4185 739 4256 xvru,
758 4200 786 4240 a.
808 4181 820 4240 1
840 4199 868 4240 c.
1060 4148 1065 4153 ⁵
1235 4202 1248 4241 ὓ

163 4272 189 4348 ²)
205 4275 229 4349 Ῑι
249 4292 277 4349 q.
297 4273 332 4351 V,
352 4291 379 4334 fl·
399 4272 417 4330 6
436 4289 462 4334 c.
485 4274 664 4355 sdouestum
682 4273 799 4345 dicitur,
817 4271 893 4344 quod
914 4278 1031 4343 propter
1052 4267 1178 4340 seipsum
1197 4274 1239 4339 up·
