2744 4770
169 246 236 321 sta
602 280 646 298 «-
670 250 691 317 S
714 285 758 298 -

122 363 293 435 dummodo
316 363 346 432 in
371 374 502 455 utroque
524 363 627 431 eadem
651 363 728 430 ratio
753 370 915 452 spectetur,
948 380 1009 450 (με
1034 378 1136 426 unum
1159 357 1233 425 ahai

122 466 299 556 opponitur.
325 465 483 547 Quocirca,
508 468 535 534 si
557 466 802 554 marrimandum
823 472 865 534 cst
881 464 999 548 amida,
1022 479 1087 530 uon
1108 460 1236 550 sopimur

120 567 380 656 malefaciendum
403 589 465 638 εεεε
486 567 631 647 inimicia
654 565 726 656 quia
758 589 773 631 r
799 565 903 635 amicis
924 563 1177 633 benefaciendum
1198 572 1236 630 ost

123 686 189 738 non
212 671 314 740 sotum
338 681 461 763 proptor
484 671 571 754 itud,
602 669 633 737 in
654 689 717 758 quo
750 678 923 758 repugnant
944 666 1100 750 inimicis,
1137 685 1235 733 aarum

121 767 212 840 ctiam
237 781 358 860 propter
380 773 466 861 iilud,
493 772 526 841 in
548 791 611 861 quo
633 768 830 856 conveniunt,
854 768 990 837 videlicet
1012 767 1085 857 quia
1111 766 1236 834 sumai
1274 800 1279 807 -

122 871 288 961 imaginem
312 873 363 942 Dei
389 873 401 915 ¹
428 897 459 944 t.
484 872 523 941 Ει
545 893 570 940 ε.
597 870 754 942 Thomas:
792 869 1007 956 «Dicendum,
1024 868 1109 959 quod
1134 866 1235 936 modus

125 972 176 1045 ilie
199 977 344 1064 arguendi
369 988 450 1047 tenet
471 988 621 1067 quantum
636 985 683 1044 εει
704 974 742 1043 ad
759 973 801 1061 id,
825 975 908 1064 quod
922 972 1066 1044 convenit
1089 968 1234 1060 opposito,
1277 1058 1279 1065 Ι

124 1075 330 1167 inquantum
354 1088 400 1149 est
423 1081 611 1168 oppositum,
637 1097 700 1145 non
721 1085 825 1143 autem
850 1086 1001 1164 qtrantum
1032 1073 1071 1141 ad
1094 1073 1138 1158 id,
1159 1074 1234 1160 quoii
1276 1098 1279 1103 ·

128 1188 175 1247 est
196 1200 362 1248 commune
384 1180 505 1270 utrique
527 1181 749 1271 oppositorum,
777 1178 915 1268 sequitur
937 1177 1041 1263 anim,
1066 1175 1092 1244 si
1119 1175 1235 1264 nigrum

129 1292 292 1370 congregat
319 1281 430 1366 visum,
455 1284 536 1373 qrrod
561 1285 664 1350 aihum
688 1281 853 1370 disgregat3
879 1299 942 1347 non
965 1268 1070 1348 auiam
1092 1278 1235 1368 sequitur,

121 1381 205 1469 qirod
227 1384 333 1451 aihum
355 1384 395 1453 sit
416 1384 574 1471 inrisihiic,
599 1385 623 1453 si
648 1385 771 1473 nigrum
793 1394 839 1454 est
863 1380 1076 1470 visihiie,quia
1092 1381 1154 1449 hoc
1167 1397 1232 1448 con·

123 1482 206 1551 venit
228 1483 256 1554 ei
277 1488 446 1555 secunrhm
470 1489 616 1565 colorem,
633 1485 685 1577 qui
709 1496 755 1555 est
769 1504 867 1574 genus
882 1482 1044 1573 utriusque
1060 1481 1073 1521 ²
1092 1481 1232 1562 1.an

121 1603 158 1651 cx
181 1603 219 1653 eo
240 1587 322 1674 quod
344 1594 483 1678 parator
504 1597 629 1679 panaro!
662 1596 872 1681 peccatorem,
896 1586 1000 1656 inferri
1033 1606 1095 1656 non
1122 1596 1232 1679 potest,

124 1705 201 1774 ergo
224 1694 251 1755 rt
274 1689 373 1758 tustra
394 1698 518 1779 praerat
543 1694 670 1761 iustum.
695 1690 827 1776 Etenim,
847 1712 862 1754 a
882 1698 1015 1759 vetustas
1031 1690 1126 1777 Adae,
1150 1707 1233 1777 quan·

124 1798 193 1857 tum
214 1788 251 1857 ad
275 1788 430 1860 inferiores
454 1792 543 1879 vires,
566 1804 597 1860 ει
618 1793 656 1859 ad
684 1791 785 1881 ipsum
807 1809 929 1878 corpus,
953 1800 999 1860 est
1023 1790 1197 1860 communis
1209 1798 1233 1857 ct
1277 1816 1279 1821 ·

128 1889 221 1980 insto,
245 1901 276 1959 rt
298 1892 458 1981 peccatori,
483 1903 513 1960 et
536 1893 704 1962 sectionum
728 1894 786 1961 hoc
810 1901 946 1980 peccator
960 1903 1087 1981 generat
1111 1900 1233 1980 poccato-

128 2015 204 2065 ren.
232 1994 318 2063 Unde
342 2017 403 2064 non
433 1998 595 2085 sequitur,
631 1995 714 2084 quod
743 1996 847 2065 iustus
882 1996 1006 2084 generat
1043 1991 1235 2083 prolemsim

128 2109 249 2186 peccato
274 2098 284 2136 ³
313 2123 342 2167 r.

170 2200 275 2270 Eidem
300 2204 476 2276 theoremati
502 2207 576 2276 iliud
601 2206 691 2277 affine
713 2219 782 2278 est:
810 2228 839 2279 st
864 2226 1046 2278 orrostrun
1065 2228 1124 2278 εει
1140 2226 1232 2278 most

125 2322 286 2394 carosam,
311 2328 411 2379 annu
435 2331 640 2382 rnoaosrruu
656 2331 757 2381 ciust
773 2330 956 2381 rnorosrm.
973 2310 1086 2390 Quod,
1104 2319 1234 2380 monente

123 2403 294 2499 Seraphyco
318 2410 456 2500 Doctore,
486 2438 501 2478 a
527 2414 758 2503 intelligendum
781 2425 826 2482 εει
850 2415 880 2481 in
905 2412 952 2483 his
976 2414 1144 2504 oppositis,
1168 2432 1233 2504 quo
1276 2452 1279 2459 ·

123 2529 194 2576 rum
219 2520 384 2601 utrumque
406 2522 453 2582 εει
473 2515 572 2604 atiquo
595 2525 717 2599 natura,
742 2525 773 2582 ει
802 2512 833 2582 in
856 2516 923 2602 eis,
959 2535 1039 2603 quae
1062 2528 1144 2585 racto
1173 2522 1234 2582 sunt

126 2613 275 2701 opposita,
299 2626 329 2682 et
352 2617 519 2689 secundum
545 2618 641 2703 iilud,
673 2616 703 2685 in
726 2638 789 2707 quo
811 2628 1012 2707 opponuntur
1038 2641 1068 2684 a.
1095 2615 1232 2698 Quocirca

129 2713 243 2802 nequit,
267 2737 296 2783 ε.
322 2738 368 2805 g,
387 2716 456 2788 intle
470 2719 569 2810 argui,
586 2718 669 2808 quod
686 2717 711 2783 si
731 2740 745 2781 a
764 2719 844 2786 Adae
860 2718 1062 2807 transgressio
1080 2719 1137 2786 tuit
1151 2737 1229 2786 causa

128 2826 250 2885 nostrae
273 2822 495 2916 corruptionis,
515 2821 580 2891 eius
604 2820 777 2890 iustificatio
798 2833 829 2888 ει
852 2819 1015 2889 satisfactio
1038 2821 1133 2890 suerit
1156 2838 1233 2889 cansa

127 2929 250 2990 nostrae
273 2924 488 3013 redemptionis
511 2928 525 2965 ⁴
552 2952 579 2996 r.

173 3021 210 3089 tt.
237 3023 332 3096 Sicur
357 3049 394 3096 su
430 3049 535 3099 unum
562 3045 747 3098 ratuctrtuu
782 3044 815 3094 tu
850 3043 1106 3113 serentium,
1133 3044 1184 3096 tra
1204 3043 1236 3094 εε

132 3146 236 3196 unum
261 3148 344 3197 aruis
371 3149 403 3196 tu
428 3148 633 3199 ornnnrtvts.
660 3126 786 3214 Nempe,
810 3124 887 3194 sicut
903 3124 1076 3196 intellectus
1091 3147 1128 3194 ox
1145 3145 1236 3194 ncca-

129 3227 217 3294 sitatc
242 3229 376 3294 inhaeret
401 3229 507 3316 primis
530 3230 697 3319 principiis,
725 3231 763 3296 ita
788 3227 926 3296 voluntas
946 3248 984 3295 ex
1000 3229 1178 3299 necessitate
1199 3229 1236 3296 iu-

131 3330 234 3395 haeret
258 3329 368 3397 ultimo
391 3330 458 3418 tini,
483 3332 534 3421 qui
559 3342 606 3401 est
630 3332 784 3398 beatitudo
808 3331 832 3395 ⁵.
860 3329 931 3416 Vel,
951 3328 995 3395 uti
1012 3327 1075 3396 iam
1099 3329 1235 3400 anteadi·

128 3442 212 3499 ctum
236 3443 294 3518 est,
318 3432 396 3501 sicut
418 3455 454 3501 ex
478 3435 653 3523 cognitione
677 3432 895 3522 principiorum
917 3433 1120 3519 consequitur
1141 3432 1237 3525 cogni·

132 3535 174 3601 tio
196 3535 429 3603 conclusionum
456 3589 465 3623 ,
492 3536 530 3603 ita
554 3558 590 3604 ex
614 3557 717 3605 artiore
741 3534 840 3602 ultimi
863 3533 933 3601 finis
949 3548 1184 3624 consequuntur
1196 3535 1236 3604 aiii

131 3634 293 3704 uoluntatis
315 3650 415 3706 actus.
441 3639 482 3706 Ex
507 3658 570 3728 quo
594 3639 668 3706 thud
693 3639 785 3707 infert
807 3657 834 3704 ε.
859 3636 1003 3724 Thomas,
1031 3641 1146 3728 «quod
1168 3639 1236 3709 sicut
1276 3690 1279 3703 .

171 3833 192 3899 ι)
214 3834 240 3887 tn
261 3834 307 3888 tib.
331 3833 363 3887 111
385 3834 476 3907 Seno,
497 3836 565 3892 uisi.
587 3824 763 3908 xxxuta.
780 3836 801 3907 ι,
819 3855 848 3908 q.
869 3835 942 3896 5αά
955 3854 1023 3912 ary.
1040 3839 1106 3897 Vid.
1118 3839 1200 3915 tcto,
1212 3856 1235 3913 q.

133 3917 256 3988 XXViii,
277 3939 303 3972 n.
326 3922 347 3993 ι,
368 3941 395 3992 q,
417 3922 432 3975 3
451 3924 493 3978 ad
511 3939 579 3996 (top.

166 4005 189 4152 {p
211 4005 393 4146 ἵὲέάάίερρη
417 4007 563 4076 Decimio,
584 4027 612 4078 q.
632 4005 675 4075 ιι,
695 4024 722 4063 a.
744 4006 762 4061 6
782 4009 816 4062 ad
837 4006 864 4064 6.

162 4181 186 4246 ⁴)
207 4179 235 4234 tn
256 4182 303 4234 hh,
328 4180 346 4232 ιι
370 4181 435 4237 hist.
458 4181 583 4253 xxxiii,
604 4203 629 4239 a.
652 4184 671 4252 t,
693 4200 720 4255 o.
741 4183 759 4239 2
779 4185 822 4240 od
838 4199 905 4258 oro.

166 4265 188 4335 ¹⁵)
208 4263 230 4339 i,
250 4283 277 4338 q.
298 4263 432 4338 txxxu,
452 4281 479 4320 a.
502 4265 510 4320 ι
531 4281 557 4324 c.
