<?xml version="1.0" encoding="UTF-8"?>
<!DOCTYPE html PUBLIC "-//W3C//DTD XHTML 1.0 Transitional//EN"
    "http://www.w3.org/TR/xhtml1/DTD/xhtml1-transitional.dtd">
<html xmlns="http://www.w3.org/1999/xhtml" xml:lang="en" lang="en">
 <head>
  <title>
</title>
<meta http-equiv="Content-Type" content="text/html;charset=utf-8" />
  <meta name='ocr-system' content='tesseract 3.04.00' />
  <meta name='ocr-capabilities' content='ocr_page ocr_carea ocr_par ocr_line ocrx_word'/>
</head>
<body>
  <div class='ocr_page' id='page_1' title='image "./lexiconperipate00signgoog/lexiconperipate00signgoog_0176.png"; bbox 0 0 2760 4770; ppageno 0'>
   <div class='ocr_carea' id='block_1_1' title="bbox 102 270 1275 477">
    <p class='ocr_par' dir='ltr' id='par_1_1' title="bbox 102 270 1275 477">
     <span class='ocr_line' id='line_1_1' title="bbox 650 270 796 338; baseline 0 -12"><span class='ocrx_word' id='word_1_1' title='bbox 650 310 694 326; x_wconf 90' lang='lat'><strong>..</strong></span> <span class='ocrx_word' id='word_1_2' title='bbox 717 270 730 338; x_wconf 88' lang='lat' dir='ltr'><strong>l</strong></span> <span class='ocrx_word' id='word_1_3' title='bbox 752 308 796 323; x_wconf 92' lang='lat'><em>-</em></span> 
     </span>
     <span class='ocr_line' id='line_1_2' title="bbox 102 273 1275 477; baseline 0.003 -23"><span class='ocrx_word' id='word_1_4' title='bbox 102 414 116 471; x_wconf 74' lang='lat' dir='ltr'><strong>p</strong></span> <span class='ocrx_word' id='word_1_5' title='bbox 141 336 294 458; x_wconf 77' lang='lat' dir='ltr'><strong>terminus</strong></span> <span class='ocrx_word' id='word_1_6' title='bbox 316 385 474 458; x_wconf 68' lang='lat' dir='ltr'><strong>menendi</strong></span> <span class='ocrx_word' id='word_1_7' title='bbox 503 400 550 458; x_wconf 96' lang='grc' dir='ltr'><strong>εει</strong></span> <span class='ocrx_word' id='word_1_8' title='bbox 572 386 649 459; x_wconf 92' lang='lat' dir='ltr'><strong>illud</strong></span> <span class='ocrx_word' id='word_1_9' title='bbox 674 387 804 475; x_wconf 87' lang='lat' dir='ltr'><strong>instans,</strong></span> <span class='ocrx_word' id='word_1_10' title='bbox 818 385 849 456; x_wconf 92' lang='lat' dir='ltr'><strong>in</strong></span> <span class='ocrx_word' id='word_1_11' title='bbox 871 407 935 477; x_wconf 90' lang='lat' dir='ltr'><strong>quo</strong></span> <span class='ocrx_word' id='word_1_12' title='bbox 958 386 1088 457; x_wconf 82' lang='lat' dir='ltr'><strong>habetur</strong></span> <span class='ocrx_word' id='word_1_13' title='bbox 1102 387 1140 457; x_wconf 91' lang='lat' dir='ltr'><strong>de</strong></span> <span class='ocrx_word' id='word_1_14' title='bbox 1162 273 1275 458; x_wconf 43' lang='lat' dir='ltr'><strong>{aspeli-</strong></span> 
     </span>
    </p>
   </div>
   <div class='ocr_carea' id='block_1_2' title="bbox 102 487 1277 1398">
    <p class='ocr_par' dir='ltr' id='par_1_2' title="bbox 102 487 1277 1398">
     <span class='ocr_line' id='line_1_3' title="bbox 102 487 1277 581; baseline 0.002 -25"><span class='ocrx_word' id='word_1_15' title='bbox 102 508 207 577; x_wconf 75' lang='lat' dir='ltr'><strong>,quo</strong></span> <span class='ocrx_word' id='word_1_16' title='bbox 227 489 320 580; x_wconf 87' lang='lat' dir='ltr'><strong>quod.</strong></span> <span class='ocrx_word' id='word_1_17' title='bbox 333 511 416 563; x_wconf 90' lang='lat' dir='ltr'><strong>nunc</strong></span> <span class='ocrx_word' id='word_1_18' title='bbox 437 500 502 580; x_wconf 90' lang='grc' dir='ltr'><strong>εει,</strong></span> <span class='ocrx_word' id='word_1_19' title='bbox 528 489 702 560; x_wconf 75' lang='lat' dir='ltr'>immediate</span> <span class='ocrx_word' id='word_1_20' title='bbox 732 498 799 581; x_wconf 90' lang='lat' dir='ltr'><strong>post</strong></span> <span class='ocrx_word' id='word_1_21' title='bbox 821 508 884 559; x_wconf 85' lang='lat' dir='ltr'><strong>non</strong></span> <span class='ocrx_word' id='word_1_22' title='bbox 905 489 975 577; x_wconf 91' lang='lat' dir='ltr'><strong>erit,</strong></span> <span class='ocrx_word' id='word_1_23' title='bbox 999 487 1029 560; x_wconf 84' lang='lat' dir='ltr'><strong>et</strong></span> <span class='ocrx_word' id='word_1_24' title='bbox 1052 501 1177 560; x_wconf 84' lang='lat' dir='ltr'><strong>vocatur</strong></span> <span class='ocrx_word' id='word_1_25' title='bbox 1198 491 1277 560; x_wconf 87' lang='lat' dir='ltr'><strong>desi-</strong></span> 
     </span>
     <span class='ocr_line' id='line_1_4' title="bbox 102 589 1276 682; baseline 0.002 -25"><span class='ocrx_word' id='word_1_26' title='bbox 102 634 116 677; x_wconf 61' lang='lat'>„</span> <span class='ocrx_word' id='word_1_27' title='bbox 138 590 185 659; x_wconf 83' lang='lat' dir='ltr'><strong>tio</strong></span> <span class='ocrx_word' id='word_1_28' title='bbox 205 612 264 681; x_wconf 84' lang='lat' dir='ltr'><strong>per</strong></span> <span class='ocrx_word' id='word_1_29' title='bbox 286 593 435 662; x_wconf 84' lang='lat' dir='ltr'><strong>ultimum</strong></span> <span class='ocrx_word' id='word_1_30' title='bbox 456 613 530 662; x_wconf 82' lang='lat' dir='ltr'><strong>esse.</strong></span> <span class='ocrx_word' id='word_1_31' title='bbox 556 592 754 663; x_wconf 69' lang='lat' dir='ltr'><strong><em>Extrinsecus</em></strong></span> <span class='ocrx_word' id='word_1_32' title='bbox 777 592 929 661; x_wconf 88' lang='lat' dir='ltr'><strong>terminus</strong></span> <span class='ocrx_word' id='word_1_33' title='bbox 951 603 1022 680; x_wconf 92' lang='lat' dir='ltr'><strong>est,</strong></span> <span class='ocrx_word' id='word_1_34' title='bbox 1046 589 1079 660; x_wconf 92' lang='lat' dir='ltr'><strong>in</strong></span> <span class='ocrx_word' id='word_1_35' title='bbox 1100 613 1163 682; x_wconf 91' lang='lat' dir='ltr'><strong>quo</strong></span> <span class='ocrx_word' id='word_1_36' title='bbox 1184 591 1276 660; x_wconf 86' lang='lat' dir='ltr'><strong>habe·</strong></span> 
     </span>
     <span class='ocr_line' id='line_1_5' title="bbox 104 691 1276 785; baseline 0 -24"><span class='ocrx_word' id='word_1_37' title='bbox 104 738 113 785; x_wconf 77' lang='lat'><strong>,</strong></span> <span class='ocrx_word' id='word_1_38' title='bbox 138 702 196 771; x_wconf 83' lang='lat' dir='ltr'><strong>tur</strong></span> <span class='ocrx_word' id='word_1_39' title='bbox 218 693 303 782; x_wconf 91' lang='lat' dir='ltr'><strong>quod</strong></span> <span class='ocrx_word' id='word_1_40' title='bbox 326 716 410 763; x_wconf 92' lang='lat' dir='ltr'><strong>nunc</strong></span> <span class='ocrx_word' id='word_1_41' title='bbox 431 716 494 764; x_wconf 91' lang='lat' dir='ltr'><strong>non</strong></span> <span class='ocrx_word' id='word_1_42' title='bbox 524 705 593 782; x_wconf 90' lang='lat' dir='ltr'><strong>est,</strong></span> <span class='ocrx_word' id='word_1_43' title='bbox 617 705 648 762; x_wconf 92' lang='lat' dir='ltr'><strong>et</strong></span> <span class='ocrx_word' id='word_1_44' title='bbox 672 691 847 764; x_wconf 90' lang='lat' dir='ltr'><strong>immediate</strong></span> <span class='ocrx_word' id='word_1_45' title='bbox 869 707 958 763; x_wconf 90' lang='lat' dir='ltr'><strong>antea</strong></span> <span class='ocrx_word' id='word_1_46' title='bbox 981 705 1073 777; x_wconf 89' lang='lat' dir='ltr'><strong>erat;</strong></span> <span class='ocrx_word' id='word_1_47' title='bbox 1097 704 1128 762; x_wconf 92' lang='grc' dir='ltr'><strong>ει</strong></span> <span class='ocrx_word' id='word_1_48' title='bbox 1149 702 1276 762; x_wconf 81' lang='lat' dir='ltr'><strong>roratur</strong></span> 
     </span>
     <span class='ocr_line' id='line_1_6' title="bbox 104 794 1274 888; baseline -0.003 -22"><span class='ocrx_word' id='word_1_49' title='bbox 104 795 111 883; x_wconf 59' lang='grc' dir='ltr'><em>ξ</em></span> <span class='ocrx_word' id='word_1_50' title='bbox 138 797 250 866; x_wconf 68' lang='lat' dir='ltr'><strong>deicio</strong></span> <span class='ocrx_word' id='word_1_51' title='bbox 272 818 330 888; x_wconf 85' lang='lat' dir='ltr'><strong>per</strong></span> <span class='ocrx_word' id='word_1_52' title='bbox 349 799 491 888; x_wconf 82' lang='lat' dir='ltr'><strong>priorum</strong></span> <span class='ocrx_word' id='word_1_53' title='bbox 515 818 577 867; x_wconf 82' lang='lat' dir='ltr'><strong>oon</strong></span> <span class='ocrx_word' id='word_1_54' title='bbox 600 817 660 865; x_wconf 82' lang='lat' dir='ltr'><strong>esse</strong></span> <span class='ocrx_word' id='word_1_55' title='bbox 681 797 738 866; x_wconf 87' lang='lat' dir='ltr'><strong>rei.</strong></span> <span class='ocrx_word' id='word_1_56' title='bbox 753 796 816 864; x_wconf 92' lang='lat' dir='ltr'><strong>lam</strong></span> <span class='ocrx_word' id='word_1_57' title='bbox 839 819 888 867; x_wconf 86' lang='lat' dir='ltr'><strong>res</strong></span> <span class='ocrx_word' id='word_1_58' title='bbox 904 797 1120 882; x_wconf 85' lang='lat' dir='ltr'><strong>instantaneae,</strong></span> <span class='ocrx_word' id='word_1_59' title='bbox 1135 816 1213 884; x_wconf 90' lang='lat' dir='ltr'><strong>quae</strong></span> <span class='ocrx_word' id='word_1_60' title='bbox 1229 794 1274 863; x_wconf 92' lang='lat' dir='ltr'><strong>in·</strong></span> 
     </span>
     <span class='ocr_line' id='line_1_7' title="bbox 102 895 1275 988; baseline -0.002 -21"><span class='ocrx_word' id='word_1_61' title='bbox 102 946 107 955; x_wconf 67' lang='lat'><em>„</em></span> <span class='ocrx_word' id='word_1_62' title='bbox 139 895 261 988; x_wconf 78' lang='lat' dir='ltr'><strong>cipiunt</strong></span> <span class='ocrx_word' id='word_1_63' title='bbox 284 899 315 966; x_wconf 91' lang='lat' dir='ltr'><strong>in</strong></span> <span class='ocrx_word' id='word_1_64' title='bbox 338 899 486 988; x_wconf 83' lang='lat' dir='ltr'><strong>instanti,</strong></span> <span class='ocrx_word' id='word_1_65' title='bbox 510 908 541 968; x_wconf 91' lang='lat' dir='ltr'><strong>et</strong></span> <span class='ocrx_word' id='word_1_66' title='bbox 563 919 626 968; x_wconf 90' lang='lat' dir='ltr'><strong>non</strong></span> <span class='ocrx_word' id='word_1_67' title='bbox 650 909 858 988; x_wconf 90' lang='lat' dir='ltr'><strong>permotum,</strong></span> <span class='ocrx_word' id='word_1_68' title='bbox 884 895 1034 988; x_wconf 89' lang='lat' dir='ltr'><strong>incipiunt</strong></span> <span class='ocrx_word' id='word_1_69' title='bbox 1056 918 1113 986; x_wconf 84' lang='lat' dir='ltr'><strong>per</strong></span> <span class='ocrx_word' id='word_1_70' title='bbox 1131 899 1275 988; x_wconf 83' lang='lat' dir='ltr'><strong>primum</strong></span> 
     </span>
     <span class='ocr_line' id='line_1_8' title="bbox 135 999 1273 1093; baseline 0.002 -26"><span class='ocrx_word' id='word_1_71' title='bbox 135 1019 214 1068; x_wconf 84' lang='lat' dir='ltr'><strong>esse:</strong></span> <span class='ocrx_word' id='word_1_72' title='bbox 241 999 302 1069; x_wconf 79' lang='lat' dir='ltr'><strong>lies</strong></span> <span class='ocrx_word' id='word_1_73' title='bbox 323 1013 424 1071; x_wconf 91' lang='lat' dir='ltr'><strong>autem</strong></span> <span class='ocrx_word' id='word_1_74' title='bbox 448 1002 659 1089; x_wconf 81' lang='lat' dir='ltr'><strong>successivae,</strong></span> <span class='ocrx_word' id='word_1_75' title='bbox 690 1021 743 1091; x_wconf 87' lang='lat' dir='ltr'><strong>per</strong></span> <span class='ocrx_word' id='word_1_76' title='bbox 765 1013 886 1070; x_wconf 91' lang='lat' dir='ltr'><strong>motum</strong></span> <span class='ocrx_word' id='word_1_77' title='bbox 911 999 1100 1089; x_wconf 85' lang='lat' dir='ltr'><strong>incipientes,</strong></span> <span class='ocrx_word' id='word_1_78' title='bbox 1121 1023 1179 1093; x_wconf 85' lang='lat' dir='ltr'><strong>per</strong></span> <span class='ocrx_word' id='word_1_79' title='bbox 1201 1003 1273 1070; x_wconf 88' lang='lat' dir='ltr'><strong>ulti-</strong></span> 
     </span>
     <span class='ocr_line' id='line_1_9' title="bbox 135 1101 1275 1192; baseline 0.003 -23"><span class='ocrx_word' id='word_1_80' title='bbox 135 1122 233 1171; x_wconf 84' lang='lat' dir='ltr'><strong>mum</strong></span> <span class='ocrx_word' id='word_1_81' title='bbox 254 1121 317 1170; x_wconf 80' lang='lat' dir='ltr'><strong>mort</strong></span> <span class='ocrx_word' id='word_1_82' title='bbox 338 1125 400 1172; x_wconf 85' lang='lat' dir='ltr'><strong>esse</strong></span> <span class='ocrx_word' id='word_1_83' title='bbox 423 1104 584 1192; x_wconf 85' lang='lat' dir='ltr'><strong>incipiunt,</strong></span> <span class='ocrx_word' id='word_1_84' title='bbox 609 1101 761 1191; x_wconf 83' lang='lat' dir='ltr'><strong>siquidem</strong></span> <span class='ocrx_word' id='word_1_85' title='bbox 784 1102 822 1170; x_wconf 92' lang='lat' dir='ltr'><strong>de</strong></span> <span class='ocrx_word' id='word_1_86' title='bbox 844 1113 931 1170; x_wconf 93' lang='lat' dir='ltr'><strong>motu</strong></span> <span class='ocrx_word' id='word_1_87' title='bbox 956 1103 1015 1172; x_wconf 88' lang='lat' dir='ltr'><strong>diei</strong></span> <span class='ocrx_word' id='word_1_88' title='bbox 1039 1113 1156 1191; x_wconf 90' lang='lat' dir='ltr'><strong>potest,</strong></span> <span class='ocrx_word' id='word_1_89' title='bbox 1192 1122 1275 1172; x_wconf 85' lang='lat' dir='ltr'><strong>nume</strong></span> 
     </span>
     <span class='ocr_line' id='line_1_10' title="bbox 136 1207 1275 1296; baseline 0.004 -25"><span class='ocrx_word' id='word_1_90' title='bbox 136 1223 207 1271; x_wconf 85' lang='lat' dir='ltr'><strong>non</strong></span> <span class='ocrx_word' id='word_1_91' title='bbox 230 1211 274 1271; x_wconf 85' lang='grc' dir='ltr'><strong>εει</strong></span> <span class='ocrx_word' id='word_1_92' title='bbox 291 1213 318 1275; x_wconf 86' lang='grc' dir='ltr'><strong>ει</strong></span> <span class='ocrx_word' id='word_1_93' title='bbox 341 1207 520 1276; x_wconf 79' lang='lat' dir='ltr'><strong>immediate</strong></span> <span class='ocrx_word' id='word_1_94' title='bbox 535 1213 602 1296; x_wconf 83' lang='lat' dir='ltr'><strong>pest</strong></span> <span class='ocrx_word' id='word_1_95' title='bbox 617 1207 687 1288; x_wconf 87' lang='lat' dir='ltr'><strong>erit;</strong></span> <span class='ocrx_word' id='word_1_96' title='bbox 710 1225 773 1274; x_wconf 90' lang='lat' dir='ltr'><strong>non</strong></span> <span class='ocrx_word' id='word_1_97' title='bbox 796 1214 908 1291; x_wconf 89' lang='lat' dir='ltr'><strong>autem,</strong></span> <span class='ocrx_word' id='word_1_98' title='bbox 921 1225 1003 1273; x_wconf 86' lang='lat' dir='ltr'><strong>nune</strong></span> <span class='ocrx_word' id='word_1_99' title='bbox 1023 1208 1125 1293; x_wconf 85' lang='lat' dir='ltr'><strong>primo</strong></span> <span class='ocrx_word' id='word_1_100' title='bbox 1146 1212 1188 1273; x_wconf 82' lang='grc' dir='ltr'><strong>εει</strong></span> <span class='ocrx_word' id='word_1_101' title='bbox 1209 1228 1275 1275; x_wconf 89' lang='lat' dir='ltr'><strong>mo-</strong></span> 
     </span>
     <span class='ocr_line' id='line_1_11' title="bbox 136 1306 1276 1398; baseline 0.001 -25"><span class='ocrx_word' id='word_1_102' title='bbox 136 1313 205 1393; x_wconf 83' lang='lat' dir='ltr'><strong>tus,</strong></span> <span class='ocrx_word' id='word_1_103' title='bbox 230 1313 258 1376; x_wconf 84' lang='lat' dir='ltr'><strong>et</strong></span> <span class='ocrx_word' id='word_1_104' title='bbox 280 1314 351 1376; x_wconf 74' lang='lat' dir='ltr'><strong>urite</strong></span> <span class='ocrx_word' id='word_1_105' title='bbox 372 1330 435 1377; x_wconf 83' lang='lat' dir='ltr'><strong>mort</strong></span> <span class='ocrx_word' id='word_1_106' title='bbox 458 1317 536 1397; x_wconf 76' lang='lat' dir='ltr'><strong>mot,</strong></span> <span class='ocrx_word' id='word_1_107' title='bbox 560 1330 632 1378; x_wconf 89' lang='lat' dir='ltr'><strong>nam</strong></span> <span class='ocrx_word' id='word_1_108' title='bbox 658 1309 690 1376; x_wconf 91' lang='lat' dir='ltr'><strong>in</strong></span> <span class='ocrx_word' id='word_1_109' title='bbox 714 1308 840 1376; x_wconf 86' lang='lat' dir='ltr'><strong>instanti</strong></span> <span class='ocrx_word' id='word_1_110' title='bbox 864 1327 930 1377; x_wconf 90' lang='lat' dir='ltr'><strong>uon</strong></span> <span class='ocrx_word' id='word_1_111' title='bbox 959 1317 1006 1376; x_wconf 88' lang='lat' dir='ltr'><strong>est</strong></span> <span class='ocrx_word' id='word_1_112' title='bbox 1027 1314 1138 1394; x_wconf 14' lang='lat' dir='ltr'><strong>myolm,</strong></span> <span class='ocrx_word' id='word_1_113' title='bbox 1162 1306 1276 1398; x_wconf 79' lang='lat' dir='ltr'><strong>quippe</strong></span> 
     </span>
    </p>
   </div>
   <div class='ocr_carea' id='block_1_3' title="bbox 127 1510 1273 4258">
    <p class='ocr_par' dir='ltr' id='par_1_3' title="bbox 127 1510 1273 3414">
     <span class='ocr_line' id='line_1_12' title="bbox 130 1510 1272 1603; baseline -0.002 -22"><span class='ocrx_word' id='word_1_114' title='bbox 130 1510 181 1581; x_wconf 85' lang='lat' dir='ltr'><strong>do</strong></span> <span class='ocrx_word' id='word_1_115' title='bbox 204 1511 238 1579; x_wconf 89' lang='lat' dir='ltr'><strong>in</strong></span> <span class='ocrx_word' id='word_1_116' title='bbox 259 1512 428 1601; x_wconf 83' lang='lat' dir='ltr'><strong>desitione,</strong></span> <span class='ocrx_word' id='word_1_117' title='bbox 452 1535 510 1598; x_wconf 83' lang='lat' dir='ltr'><strong>ea,</strong></span> <span class='ocrx_word' id='word_1_118' title='bbox 538 1535 616 1602; x_wconf 90' lang='lat' dir='ltr'><strong>quae</strong></span> <span class='ocrx_word' id='word_1_119' title='bbox 645 1513 789 1584; x_wconf 85' lang='lat' dir='ltr'><strong>desinunt</strong></span> <span class='ocrx_word' id='word_1_120' title='bbox 813 1534 864 1601; x_wconf 91' lang='lat' dir='ltr'><strong>per</strong></span> <span class='ocrx_word' id='word_1_121' title='bbox 894 1523 1025 1601; x_wconf 88' lang='lat' dir='ltr'><strong>motum,</strong></span> <span class='ocrx_word' id='word_1_122' title='bbox 1049 1512 1195 1581; x_wconf 87' lang='lat' dir='ltr'><strong>desinunt</strong></span> <span class='ocrx_word' id='word_1_123' title='bbox 1213 1535 1272 1603; x_wconf 86' lang='lat' dir='ltr'><strong>per</strong></span> 
     </span>
     <span class='ocr_line' id='line_1_13' title="bbox 127 1615 1272 1709; baseline -0.001 -25"><span class='ocrx_word' id='word_1_124' title='bbox 127 1616 280 1709; x_wconf 74' lang='lat' dir='ltr'><strong>priunum</strong></span> <span class='ocrx_word' id='word_1_125' title='bbox 301 1635 363 1685; x_wconf 83' lang='lat' dir='ltr'><strong>troo</strong></span> <span class='ocrx_word' id='word_1_126' title='bbox 386 1639 459 1705; x_wconf 82' lang='lat' dir='ltr'><strong>esse,</strong></span> <span class='ocrx_word' id='word_1_127' title='bbox 483 1640 547 1687; x_wconf 88' lang='lat' dir='ltr'><strong>uon</strong></span> <span class='ocrx_word' id='word_1_128' title='bbox 570 1639 641 1686; x_wconf 85' lang='lat' dir='ltr'><strong>vero</strong></span> <span class='ocrx_word' id='word_1_129' title='bbox 663 1638 718 1707; x_wconf 85' lang='lat' dir='ltr'><strong>per</strong></span> <span class='ocrx_word' id='word_1_130' title='bbox 741 1617 884 1685; x_wconf 79' lang='lat' dir='ltr'><strong>alliorum</strong></span> <span class='ocrx_word' id='word_1_131' title='bbox 907 1637 986 1702; x_wconf 86' lang='lat' dir='ltr'><strong>esse,</strong></span> <span class='ocrx_word' id='word_1_132' title='bbox 1011 1615 1070 1686; x_wconf 89' lang='lat' dir='ltr'><strong>diei</strong></span> <span class='ocrx_word' id='word_1_133' title='bbox 1100 1616 1182 1685; x_wconf 90' lang='lat' dir='ltr'><strong>enim</strong></span> <span class='ocrx_word' id='word_1_134' title='bbox 1206 1626 1272 1705; x_wconf 92' lang='lat' dir='ltr'><strong>pot-</strong></span> 
     </span>
     <span class='ocr_line' id='line_1_14' title="bbox 129 1717 1273 1806; baseline 0.001 -21"><span class='ocrx_word' id='word_1_135' title='bbox 129 1725 197 1802; x_wconf 88' lang='lat' dir='ltr'><strong>est,</strong></span> <span class='ocrx_word' id='word_1_136' title='bbox 222 1736 304 1786; x_wconf 76' lang='lat' dir='ltr'><strong>neure</strong></span> <span class='ocrx_word' id='word_1_137' title='bbox 326 1739 387 1786; x_wconf 79' lang='lat' dir='ltr'><strong>nort</strong></span> <span class='ocrx_word' id='word_1_138' title='bbox 410 1727 452 1788; x_wconf 85' lang='lat' dir='ltr'><strong>est</strong></span> <span class='ocrx_word' id='word_1_139' title='bbox 475 1727 591 1806; x_wconf 85' lang='lat' dir='ltr'><strong>motos,</strong></span> <span class='ocrx_word' id='word_1_140' title='bbox 614 1717 792 1787; x_wconf 72' lang='lat' dir='ltr'><strong>immediate</strong></span> <span class='ocrx_word' id='word_1_141' title='bbox 818 1722 982 1800; x_wconf 69' lang='lat' dir='ltr'><strong>coiceret,</strong></span> <span class='ocrx_word' id='word_1_142' title='bbox 998 1738 1060 1786; x_wconf 88' lang='lat' dir='ltr'><strong>uon</strong></span> <span class='ocrx_word' id='word_1_143' title='bbox 1078 1717 1162 1786; x_wconf 87' lang='lat' dir='ltr'><strong>item:</strong></span> <span class='ocrx_word' id='word_1_144' title='bbox 1191 1719 1273 1787; x_wconf 82' lang='lat' dir='ltr'><strong>neree</strong></span> 
     </span>
     <span class='ocr_line' id='line_1_15' title="bbox 132 1817 1271 1909; baseline 0.001 -22"><span class='ocrx_word' id='word_1_145' title='bbox 132 1826 196 1905; x_wconf 86' lang='grc' dir='ltr'><strong>εει,</strong></span> <span class='ocrx_word' id='word_1_146' title='bbox 222 1819 397 1891; x_wconf 75' lang='lat' dir='ltr'><strong>immediate</strong></span> <span class='ocrx_word' id='word_1_147' title='bbox 418 1825 484 1909; x_wconf 82' lang='lat' dir='ltr'><strong>post</strong></span> <span class='ocrx_word' id='word_1_148' title='bbox 513 1837 574 1886; x_wconf 82' lang='lat' dir='ltr'><strong>nort</strong></span> <span class='ocrx_word' id='word_1_149' title='bbox 599 1821 670 1902; x_wconf 86' lang='lat' dir='ltr'><strong>erit;</strong></span> <span class='ocrx_word' id='word_1_150' title='bbox 696 1818 728 1885; x_wconf 92' lang='lat' dir='ltr'><strong>in</strong></span> <span class='ocrx_word' id='word_1_151' title='bbox 753 1818 837 1885; x_wconf 90' lang='lat' dir='ltr'><strong>nullo</strong></span> <span class='ocrx_word' id='word_1_152' title='bbox 861 1817 943 1885; x_wconf 90' lang='lat' dir='ltr'><strong>enim</strong></span> <span class='ocrx_word' id='word_1_153' title='bbox 959 1818 1084 1887; x_wconf 88' lang='lat' dir='ltr'><strong>instanti</strong></span> <span class='ocrx_word' id='word_1_154' title='bbox 1105 1829 1203 1908; x_wconf 89' lang='lat' dir='ltr'><strong>potest</strong></span> <span class='ocrx_word' id='word_1_155' title='bbox 1218 1821 1271 1888; x_wconf 81' lang='lat' dir='ltr'><strong>lna·</strong></span> 
     </span>
     <span class='ocr_line' id='line_1_16' title="bbox 132 1919 1270 2012; baseline 0.002 -22"><span class='ocrx_word' id='word_1_156' title='bbox 132 1919 204 1990; x_wconf 87' lang='lat' dir='ltr'><strong>beri</strong></span> <span class='ocrx_word' id='word_1_157' title='bbox 229 1923 310 2012; x_wconf 90' lang='lat' dir='ltr'><strong>quod</strong></span> <span class='ocrx_word' id='word_1_158' title='bbox 332 1922 371 1991; x_wconf 91' lang='lat' dir='ltr'><strong>sit</strong></span> <span class='ocrx_word' id='word_1_159' title='bbox 396 1933 507 1993; x_wconf 88' lang='lat' dir='ltr'><strong>motus.</strong></span> <span class='ocrx_word' id='word_1_160' title='bbox 544 1923 627 2001; x_wconf 82' lang='lat' dir='ltr'><strong>Quae</strong></span> <span class='ocrx_word' id='word_1_161' title='bbox 651 1941 720 1990; x_wconf 88' lang='lat' dir='ltr'><strong>vero</strong></span> <span class='ocrx_word' id='word_1_162' title='bbox 743 1919 888 1990; x_wconf 90' lang='lat' dir='ltr'><strong>desinunt</strong></span> <span class='ocrx_word' id='word_1_163' title='bbox 922 1921 1117 2010; x_wconf 76' lang='lat' dir='ltr'><strong>corruptione</strong></span> <span class='ocrx_word' id='word_1_164' title='bbox 1155 1921 1270 1992; x_wconf 85' lang='lat' dir='ltr'><strong>instan-</strong></span> 
     </span>
     <span class='ocr_line' id='line_1_17' title="bbox 132 2021 1264 2112; baseline 0.001 -19"><span class='ocrx_word' id='word_1_165' title='bbox 132 2032 242 2109; x_wconf 84' lang='lat' dir='ltr'><strong>tanea,</strong></span> <span class='ocrx_word' id='word_1_166' title='bbox 266 2042 336 2091; x_wconf 90' lang='lat' dir='ltr'><strong>oum</strong></span> <span class='ocrx_word' id='word_1_167' title='bbox 359 2023 498 2093; x_wconf 88' lang='lat' dir='ltr'><strong>desinant</strong></span> <span class='ocrx_word' id='word_1_168' title='bbox 527 2045 563 2092; x_wconf 84' lang='lat' dir='ltr'><strong>ex</strong></span> <span class='ocrx_word' id='word_1_169' title='bbox 589 2025 782 2112; x_wconf 77' lang='lat' dir='ltr'><strong>generatione</strong></span> <span class='ocrx_word' id='word_1_170' title='bbox 809 2021 966 2109; x_wconf 89' lang='lat' dir='ltr'><strong>alterius,</strong></span> <span class='ocrx_word' id='word_1_171' title='bbox 1001 2022 1084 2112; x_wconf 92' lang='lat' dir='ltr'><strong>quod</strong></span> <span class='ocrx_word' id='word_1_172' title='bbox 1118 2025 1264 2094; x_wconf 86' lang='lat' dir='ltr'><strong>instanta-</strong></span> 
     </span>
     <span class='ocr_line' id='line_1_18' title="bbox 133 2123 1272 2215; baseline 0.004 -22"><span class='ocrx_word' id='word_1_173' title='bbox 133 2144 236 2193; x_wconf 87' lang='lat' dir='ltr'><strong>neum</strong></span> <span class='ocrx_word' id='word_1_174' title='bbox 260 2134 317 2213; x_wconf 85' lang='grc' dir='ltr'><strong>εει,</strong></span> <span class='ocrx_word' id='word_1_175' title='bbox 341 2124 484 2194; x_wconf 86' lang='lat' dir='ltr'><strong>desinunt</strong></span> <span class='ocrx_word' id='word_1_176' title='bbox 508 2147 560 2215; x_wconf 93' lang='lat' dir='ltr'><strong>per</strong></span> <span class='ocrx_word' id='word_1_177' title='bbox 582 2127 722 2214; x_wconf 81' lang='lat' dir='ltr'><strong>priorum</strong></span> <span class='ocrx_word' id='word_1_178' title='bbox 745 2144 807 2192; x_wconf 86' lang='lat' dir='ltr'><strong>oon</strong></span> <span class='ocrx_word' id='word_1_179' title='bbox 829 2145 902 2206; x_wconf 87' lang='lat' dir='ltr'><strong>esse,</strong></span> <span class='ocrx_word' id='word_1_180' title='bbox 928 2133 1020 2212; x_wconf 86' lang='lat' dir='ltr'><strong>prout</strong></span> <span class='ocrx_word' id='word_1_181' title='bbox 1042 2123 1165 2214; x_wconf 85' lang='lat' dir='ltr'><strong>dieitur,</strong></span> <span class='ocrx_word' id='word_1_182' title='bbox 1190 2148 1272 2197; x_wconf 83' lang='lat' dir='ltr'><strong>orem</strong></span> 
     </span>
     <span class='ocr_line' id='line_1_19' title="bbox 132 2225 1269 2313; baseline 0.004 -19"><span class='ocrx_word' id='word_1_183' title='bbox 132 2244 202 2294; x_wconf 81' lang='lat' dir='ltr'><strong>nou</strong></span> <span class='ocrx_word' id='word_1_184' title='bbox 223 2233 295 2313; x_wconf 86' lang='lat' dir='ltr'><strong>est,</strong></span> <span class='ocrx_word' id='word_1_185' title='bbox 320 2235 347 2298; x_wconf 89' lang='lat' dir='ltr'><strong>ct</strong></span> <span class='ocrx_word' id='word_1_186' title='bbox 371 2227 547 2296; x_wconf 83' lang='lat' dir='ltr'><strong>iucmede’ote</strong></span> <span class='ocrx_word' id='word_1_187' title='bbox 569 2235 641 2297; x_wconf 86' lang='lat' dir='ltr'><strong>ertlc</strong></span> <span class='ocrx_word' id='word_1_188' title='bbox 668 2234 745 2296; x_wconf 83' lang='lat' dir='ltr'><strong>eret.</strong></span> <span class='ocrx_word' id='word_1_189' title='bbox 772 2225 893 2295; x_wconf 79' lang='lat' dir='ltr'><strong>Etenim</strong></span> <span class='ocrx_word' id='word_1_190' title='bbox 929 2226 1115 2297; x_wconf 84' lang='lat' dir='ltr'><strong>huiusmodi.</strong></span> <span class='ocrx_word' id='word_1_191' title='bbox 1135 2249 1183 2298; x_wconf 87' lang='lat' dir='ltr'><strong>res</strong></span> <span class='ocrx_word' id='word_1_192' title='bbox 1206 2251 1269 2300; x_wconf 92' lang='lat' dir='ltr'><strong>non</strong></span> 
     </span>
     <span class='ocr_line' id='line_1_20' title="bbox 134 2327 1268 2419; baseline 0.008 -26"><span class='ocrx_word' id='word_1_193' title='bbox 134 2327 297 2415; x_wconf 82' lang='lat' dir='ltr'><strong>desinunt,</strong></span> <span class='ocrx_word' id='word_1_194' title='bbox 321 2327 380 2398; x_wconf 86' lang='lat' dir='ltr'><strong>nisi</strong></span> <span class='ocrx_word' id='word_1_195' title='bbox 405 2329 436 2398; x_wconf 88' lang='lat' dir='ltr'><strong>in</strong></span> <span class='ocrx_word' id='word_1_196' title='bbox 460 2329 606 2416; x_wconf 88' lang='lat' dir='ltr'><strong>instanti,</strong></span> <span class='ocrx_word' id='word_1_197' title='bbox 629 2352 693 2419; x_wconf 94' lang='lat' dir='ltr'><strong>quo</strong></span> <span class='ocrx_word' id='word_1_198' title='bbox 715 2331 808 2399; x_wconf 89' lang='lat' dir='ltr'><strong>altera</strong></span> <span class='ocrx_word' id='word_1_199' title='bbox 831 2339 1021 2416; x_wconf 70' lang='lat' dir='ltr'><strong>generatur„</strong></span> <span class='ocrx_word' id='word_1_200' title='bbox 1045 2341 1077 2397; x_wconf 89' lang='grc' dir='ltr'><strong>ει</strong></span> <span class='ocrx_word' id='word_1_201' title='bbox 1099 2351 1163 2399; x_wconf 90' lang='lat' dir='ltr'><strong>non</strong></span> <span class='ocrx_word' id='word_1_202' title='bbox 1186 2345 1268 2418; x_wconf 90' lang='lat' dir='ltr'><strong>ante;</strong></span> 
     </span>
     <span class='ocr_line' id='line_1_21' title="bbox 134 2427 1271 2518; baseline 0.004 -19"><span class='ocrx_word' id='word_1_203' title='bbox 134 2427 292 2517; x_wconf 81' lang='lat' dir='ltr'><strong>siquidem</strong></span> <span class='ocrx_word' id='word_1_204' title='bbox 315 2428 341 2499; x_wconf 86' lang='lat' dir='ltr'><strong>si</strong></span> <span class='ocrx_word' id='word_1_205' title='bbox 365 2440 436 2500; x_wconf 89' lang='lat' dir='ltr'><strong>ante</strong></span> <span class='ocrx_word' id='word_1_206' title='bbox 458 2430 558 2518; x_wconf 66' lang='lat' dir='ltr'><strong>tutus</strong></span> <span class='ocrx_word' id='word_1_207' title='bbox 579 2430 808 2518; x_wconf 84' lang='lat' dir='ltr'><strong>generationem</strong></span> <span class='ocrx_word' id='word_1_208' title='bbox 832 2429 1024 2516; x_wconf 84' lang='lat' dir='ltr'><strong>desinerent,</strong></span> <span class='ocrx_word' id='word_1_209' title='bbox 1050 2432 1174 2500; x_wconf 89' lang='lat' dir='ltr'><strong>materia</strong></span> <span class='ocrx_word' id='word_1_210' title='bbox 1205 2435 1271 2504; x_wconf 91' lang='lat' dir='ltr'><strong>sine</strong></span> 
     </span>
     <span class='ocr_line' id='line_1_22' title="bbox 134 2531 1271 2619; baseline 0.005 -20"><span class='ocrx_word' id='word_1_211' title='bbox 134 2531 240 2599; x_wconf 79' lang='lat' dir='ltr'><strong>forma</strong></span> <span class='ocrx_word' id='word_1_212' title='bbox 264 2531 416 2600; x_wconf 85' lang='lat' dir='ltr'><strong>existeret.</strong></span> <span class='ocrx_word' id='word_1_213' title='bbox 442 2533 528 2619; x_wconf 90' lang='lat' dir='ltr'><strong>lam,</strong></span> <span class='ocrx_word' id='word_1_214' title='bbox 564 2533 589 2600; x_wconf 91' lang='lat' dir='ltr'><strong>si</strong></span> <span class='ocrx_word' id='word_1_215' title='bbox 612 2552 661 2599; x_wconf 90' lang='lat' dir='ltr'><strong>res</strong></span> <span class='ocrx_word' id='word_1_216' title='bbox 684 2531 716 2599; x_wconf 91' lang='lat' dir='ltr'><strong>in</strong></span> <span class='ocrx_word' id='word_1_217' title='bbox 748 2532 873 2601; x_wconf 87' lang='lat' dir='ltr'><strong>instanti</strong></span> <span class='ocrx_word' id='word_1_218' title='bbox 907 2531 1112 2619; x_wconf 77' lang='lat' dir='ltr'><strong>generationis</strong></span> <span class='ocrx_word' id='word_1_219' title='bbox 1145 2535 1271 2606; x_wconf 88' lang='lat' dir='ltr'><strong>alterius</strong></span> 
     </span>
     <span class='ocr_line' id='line_1_23' title="bbox 136 2630 1270 2723; baseline 0.008 -24"><span class='ocrx_word' id='word_1_220' title='bbox 136 2630 248 2723; x_wconf 86' lang='lat' dir='ltr'><strong>primo</strong></span> <span class='ocrx_word' id='word_1_221' title='bbox 269 2632 392 2722; x_wconf 83' lang='lat' dir='ltr'><strong>desinit,</strong></span> <span class='ocrx_word' id='word_1_222' title='bbox 417 2634 564 2722; x_wconf 86' lang='lat' dir='ltr'><strong>sequitur,</strong></span> <span class='ocrx_word' id='word_1_223' title='bbox 596 2642 631 2700; x_wconf 92' lang='lat' dir='ltr'><strong>ut</strong></span> <span class='ocrx_word' id='word_1_224' title='bbox 655 2631 687 2699; x_wconf 88' lang='lat' dir='ltr'><strong>in</strong></span> <span class='ocrx_word' id='word_1_225' title='bbox 712 2631 763 2700; x_wconf 88' lang='lat' dir='ltr'><strong>illo</strong></span> <span class='ocrx_word' id='word_1_226' title='bbox 786 2630 913 2699; x_wconf 88' lang='lat' dir='ltr'><strong>instanti</strong></span> <span class='ocrx_word' id='word_1_227' title='bbox 934 2651 998 2698; x_wconf 88' lang='lat' dir='ltr'><strong>non</strong></span> <span class='ocrx_word' id='word_1_228' title='bbox 1021 2630 1071 2722; x_wconf 91' lang='lat' dir='ltr'><strong>sit,</strong></span> <span class='ocrx_word' id='word_1_229' title='bbox 1088 2645 1179 2723; x_wconf 89' lang='lat' dir='ltr'><strong>atque</strong></span> <span class='ocrx_word' id='word_1_230' title='bbox 1202 2635 1270 2708; x_wconf 93' lang='lat' dir='ltr'><strong>ideo</strong></span> 
     </span>
     <span class='ocr_line' id='line_1_24' title="bbox 136 2730 1269 2825; baseline 0.003 -24"><span class='ocrx_word' id='word_1_231' title='bbox 136 2733 218 2802; x_wconf 88' lang='lat' dir='ltr'><strong>illud</strong></span> <span class='ocrx_word' id='word_1_232' title='bbox 242 2732 359 2802; x_wconf 87' lang='lat' dir='ltr'><strong>instans</strong></span> <span class='ocrx_word' id='word_1_233' title='bbox 393 2755 455 2803; x_wconf 90' lang='lat' dir='ltr'><strong>nou</strong></span> <span class='ocrx_word' id='word_1_234' title='bbox 478 2735 516 2802; x_wconf 92' lang='lat' dir='ltr'><strong>sit</strong></span> <span class='ocrx_word' id='word_1_235' title='bbox 539 2735 740 2803; x_wconf 77' lang='lat' dir='ltr'><strong>indriruecmn</strong></span> <span class='ocrx_word' id='word_1_236' title='bbox 773 2730 913 2800; x_wconf 83' lang='lat' dir='ltr'><strong>desitioni</strong></span> <span class='ocrx_word' id='word_1_237' title='bbox 933 2785 941 2818; x_wconf 92' lang='lat'><strong>,</strong></span> <span class='ocrx_word' id='word_1_238' title='bbox 965 2733 1018 2802; x_wconf 89' lang='lat' dir='ltr'><strong>sed</strong></span> <span class='ocrx_word' id='word_1_239' title='bbox 1052 2736 1269 2825; x_wconf 75' lang='lat' dir='ltr'><strong>extrinsecum,</strong></span> 
     </span>
     <span class='ocr_line' id='line_1_25' title="bbox 135 2832 1271 2924; baseline 0.01 -25"><span class='ocrx_word' id='word_1_240' title='bbox 135 2832 216 2922; x_wconf 88' lang='lat' dir='ltr'><strong>quia</strong></span> <span class='ocrx_word' id='word_1_241' title='bbox 240 2844 314 2902; x_wconf 90' lang='lat' dir='ltr'><strong>tunc</strong></span> <span class='ocrx_word' id='word_1_242' title='bbox 336 2834 435 2924; x_wconf 89' lang='lat' dir='ltr'><strong>primo</strong></span> <span class='ocrx_word' id='word_1_243' title='bbox 460 2856 521 2904; x_wconf 93' lang='lat' dir='ltr'><strong>non</strong></span> <span class='ocrx_word' id='word_1_244' title='bbox 545 2843 602 2922; x_wconf 88' lang='grc' dir='ltr'><strong>εει,</strong></span> <span class='ocrx_word' id='word_1_245' title='bbox 627 2855 690 2903; x_wconf 90' lang='lat' dir='ltr'><strong>non</strong></span> <span class='ocrx_word' id='word_1_246' title='bbox 715 2853 785 2902; x_wconf 84' lang='lat' dir='ltr'><strong>nero</strong></span> <span class='ocrx_word' id='word_1_247' title='bbox 809 2842 882 2901; x_wconf 91' lang='lat' dir='ltr'><strong>tunc</strong></span> <span class='ocrx_word' id='word_1_248' title='bbox 905 2833 1006 2902; x_wconf 87' lang='lat' dir='ltr'><strong>adhuc</strong></span> <span class='ocrx_word' id='word_1_249' title='bbox 1032 2846 1090 2923; x_wconf 86' lang='grc' dir='ltr'><strong>εει,</strong></span> <span class='ocrx_word' id='word_1_250' title='bbox 1106 2845 1138 2905; x_wconf 89' lang='grc' dir='ltr'><strong>ει</strong></span> <span class='ocrx_word' id='word_1_251' title='bbox 1161 2837 1271 2910; x_wconf 90' lang='lat' dir='ltr'><strong>imme·</strong></span> 
     </span>
     <span class='ocr_line' id='line_1_26' title="bbox 137 2933 1266 3024; baseline 0.007 -21"><span class='ocrx_word' id='word_1_252' title='bbox 137 2933 226 3003; x_wconf 89' lang='lat' dir='ltr'><strong>diate</strong></span> <span class='ocrx_word' id='word_1_253' title='bbox 249 2946 318 3023; x_wconf 80' lang='lat' dir='ltr'><strong>post</strong></span> <span class='ocrx_word' id='word_1_254' title='bbox 340 2959 402 3007; x_wconf 92' lang='lat' dir='ltr'><strong>uon</strong></span> <span class='ocrx_word' id='word_1_255' title='bbox 425 2937 507 3020; x_wconf 88' lang='lat' dir='ltr'><strong>erit;</strong></span> <span class='ocrx_word' id='word_1_256' title='bbox 532 2938 576 3007; x_wconf 89' lang='lat' dir='ltr'><strong>sic</strong></span> <span class='ocrx_word' id='word_1_257' title='bbox 598 2934 679 3006; x_wconf 89' lang='lat' dir='ltr'><strong>enim</strong></span> <span class='ocrx_word' id='word_1_258' title='bbox 703 2936 794 3005; x_wconf 89' lang='lat' dir='ltr'><strong>simul</strong></span> <span class='ocrx_word' id='word_1_259' title='bbox 817 2945 919 3005; x_wconf 86' lang='lat' dir='ltr'><strong>essent</strong></span> <span class='ocrx_word' id='word_1_260' title='bbox 941 2935 1018 3005; x_wconf 86' lang='lat' dir='ltr'><strong>duae</strong></span> <span class='ocrx_word' id='word_1_261' title='bbox 1054 2939 1170 3024; x_wconf 82' lang='lat' dir='ltr'><strong>formae</strong></span> <span class='ocrx_word' id='word_1_262' title='bbox 1192 2943 1266 3010; x_wconf 89' lang='lat' dir='ltr'><strong>sub·</strong></span> 
     </span>
     <span class='ocr_line' id='line_1_27' title="bbox 139 3037 1271 3130; baseline 0.007 -25"><span class='ocrx_word' id='word_1_263' title='bbox 139 3037 313 3125; x_wconf 85' lang='lat' dir='ltr'><strong>stautiules,</strong></span> <span class='ocrx_word' id='word_1_264' title='bbox 335 3040 450 3108; x_wconf 89' lang='lat' dir='ltr'><strong>scilicet</strong></span> <span class='ocrx_word' id='word_1_265' title='bbox 472 3061 551 3129; x_wconf 75' lang='lat' dir='ltr'><strong>equae</strong></span> <span class='ocrx_word' id='word_1_266' title='bbox 575 3051 649 3108; x_wconf 90' lang='lat' dir='ltr'><strong>tunc</strong></span> <span class='ocrx_word' id='word_1_267' title='bbox 672 3047 846 3128; x_wconf 88' lang='lat' dir='ltr'><strong>generatur,</strong></span> <span class='ocrx_word' id='word_1_268' title='bbox 864 3047 895 3104; x_wconf 93' lang='lat' dir='ltr'><strong>et</strong></span> <span class='ocrx_word' id='word_1_269' title='bbox 919 3059 997 3125; x_wconf 92' lang='lat' dir='ltr'><strong>quae</strong></span> <span class='ocrx_word' id='word_1_270' title='bbox 1014 3039 1186 3110; x_wconf 89' lang='lat' dir='ltr'><strong>immediate</strong></span> <span class='ocrx_word' id='word_1_271' title='bbox 1202 3054 1271 3130; x_wconf 87' lang='lat' dir='ltr'><strong>pest</strong></span> 
     </span>
     <span class='ocr_line' id='line_1_28' title="bbox 137 3140 1271 3234; baseline 0.004 -25"><span class='ocrx_word' id='word_1_272' title='bbox 137 3152 371 3228; x_wconf 81' lang='lat' dir='ltr'><strong>corrumpetur,</strong></span> <span class='ocrx_word' id='word_1_273' title='bbox 396 3142 495 3220; x_wconf 77' lang='lat' dir='ltr'><strong>Quare</strong></span> <span class='ocrx_word' id='word_1_274' title='bbox 523 3143 623 3210; x_wconf 90' lang='lat' dir='ltr'><strong>solum</strong></span> <span class='ocrx_word' id='word_1_275' title='bbox 648 3141 784 3227; x_wconf 89' lang='lat' dir='ltr'><strong>instans,</strong></span> <span class='ocrx_word' id='word_1_276' title='bbox 810 3149 840 3207; x_wconf 92' lang='lat' dir='ltr'><strong>ct</strong></span> <span class='ocrx_word' id='word_1_277' title='bbox 864 3161 925 3225; x_wconf 89' lang='lat' dir='ltr'><strong>ea,</strong></span> <span class='ocrx_word' id='word_1_278' title='bbox 949 3162 1027 3228; x_wconf 90' lang='lat' dir='ltr'><strong>quae</strong></span> <span class='ocrx_word' id='word_1_279' title='bbox 1049 3140 1193 3211; x_wconf 87' lang='lat' dir='ltr'><strong>desinunt</strong></span> <span class='ocrx_word' id='word_1_280' title='bbox 1217 3168 1271 3234; x_wconf 90' lang='lat' dir='ltr'><strong>per</strong></span> 
     </span>
     <span class='ocr_line' id='line_1_29' title="bbox 138 3241 1269 3337; baseline 0.01 -28"><span class='ocrx_word' id='word_1_281' title='bbox 138 3241 275 3309; x_wconf 85' lang='lat' dir='ltr'><strong>modum</strong></span> <span class='ocrx_word' id='word_1_282' title='bbox 299 3241 460 3331; x_wconf 80' lang='lat' dir='ltr'><strong>instantis,</strong></span> <span class='ocrx_word' id='word_1_283' title='bbox 487 3256 521 3313; x_wconf 90' lang='lat' dir='ltr'><strong>ut</strong></span> <span class='ocrx_word' id='word_1_284' title='bbox 543 3243 732 3333; x_wconf 83' lang='lat' dir='ltr'><strong>operationes</strong></span> <span class='ocrx_word' id='word_1_285' title='bbox 756 3245 955 3333; x_wconf 81' lang='lat' dir='ltr'><strong>Angelorum,</strong></span> <span class='ocrx_word' id='word_1_286' title='bbox 980 3243 1124 3313; x_wconf 89' lang='lat' dir='ltr'><strong>desinunt</strong></span> <span class='ocrx_word' id='word_1_287' title='bbox 1147 3269 1201 3337; x_wconf 91' lang='lat' dir='ltr'><strong>per</strong></span> <span class='ocrx_word' id='word_1_288' title='bbox 1222 3253 1269 3319; x_wconf 85' lang='lat' dir='ltr'><strong>td·</strong></span> 
     </span>
     <span class='ocr_line' id='line_1_30' title="bbox 138 3345 426 3414; baseline 0.007 -4"><span class='ocrx_word' id='word_1_289' title='bbox 138 3348 259 3413; x_wconf 73' lang='lat' dir='ltr'><strong>cincun</strong></span> <span class='ocrx_word' id='word_1_290' title='bbox 281 3345 330 3412; x_wconf 79' lang='lat' dir='ltr'><strong>stri</strong></span> <span class='ocrx_word' id='word_1_291' title='bbox 353 3366 426 3414; x_wconf 79' lang='lat' dir='ltr'><strong>csse.</strong></span> 
     </span>
    </p>

    <p class='ocr_par' dir='ltr' id='par_1_4' title="bbox 138 3444 1273 4258">
     <span class='ocr_line' id='line_1_31' title="bbox 193 3444 1272 3532; baseline 0.012 -21"><span class='ocrx_word' id='word_1_292' title='bbox 193 3444 230 3512; x_wconf 81' lang='lat' dir='ltr'><strong>tt.</strong></span> <span class='ocrx_word' id='word_1_293' title='bbox 256 3444 509 3516; x_wconf 79' lang='lat' dir='ltr'><strong>tnunncnennn</strong></span> <span class='ocrx_word' id='word_1_294' title='bbox 534 3463 852 3517; x_wconf 75' lang='lat' dir='ltr'><strong>tertre—russum.</strong></span> <span class='ocrx_word' id='word_1_295' title='bbox 879 3445 1088 3532; x_wconf 74' lang='lat' dir='ltr'><strong>indifferentia</strong></span> <span class='ocrx_word' id='word_1_296' title='bbox 1109 3452 1210 3520; x_wconf 86' lang='lat' dir='ltr'><strong>cetico</strong></span> <span class='ocrx_word' id='word_1_297' title='bbox 1225 3465 1272 3524; x_wconf 85' lang='lat' dir='ltr'><strong>est</strong></span> 
     </span>
     <span class='ocr_line' id='line_1_32' title="bbox 140 3546 1270 3641; baseline 0.005 -24"><span class='ocrx_word' id='word_1_298' title='bbox 140 3546 295 3637; x_wconf 70' lang='lat' dir='ltr'><strong>eaqueus</strong></span> <span class='ocrx_word' id='word_1_299' title='bbox 318 3550 404 3638; x_wconf 88' lang='lat' dir='ltr'><strong>plura</strong></span> <span class='ocrx_word' id='word_1_300' title='bbox 428 3547 548 3636; x_wconf 86' lang='lat' dir='ltr'><strong>agendi.</strong></span> <span class='ocrx_word' id='word_1_301' title='bbox 589 3549 717 3617; x_wconf 78' lang='lat' dir='ltr'><strong>Fossiuo</strong></span> <span class='ocrx_word' id='word_1_302' title='bbox 738 3556 784 3614; x_wconf 89' lang='lat' dir='ltr'><strong>est</strong></span> <span class='ocrx_word' id='word_1_303' title='bbox 807 3547 955 3632; x_wconf 84' lang='lat' dir='ltr'><strong>capacitas</strong></span> <span class='ocrx_word' id='word_1_304' title='bbox 980 3548 1064 3634; x_wconf 90' lang='lat' dir='ltr'><strong>plura</strong></span> <span class='ocrx_word' id='word_1_305' title='bbox 1096 3554 1270 3641; x_wconf 85' lang='lat' dir='ltr'><strong>recipiendi.</strong></span> 
     </span>
     <span class='ocr_line' id='line_1_33' title="bbox 140 3648 1271 3742; baseline 0.006 -23"><span class='ocrx_word' id='word_1_306' title='bbox 140 3650 195 3719; x_wconf 87' lang='lat' dir='ltr'><strong>Sic</strong></span> <span class='ocrx_word' id='word_1_307' title='bbox 218 3671 286 3717; x_wconf 88' lang='lat' dir='ltr'><strong>cera</strong></span> <span class='ocrx_word' id='word_1_308' title='bbox 308 3648 420 3719; x_wconf 86' lang='lat' dir='ltr'><strong>dieitur</strong></span> <span class='ocrx_word' id='word_1_309' title='bbox 439 3653 558 3741; x_wconf 76' lang='lat' dir='ltr'><strong>passive</strong></span> <span class='ocrx_word' id='word_1_310' title='bbox 581 3648 815 3736; x_wconf 74' lang='lat' dir='ltr'><strong>indigemusad</strong></span> <span class='ocrx_word' id='word_1_311' title='bbox 842 3648 958 3735; x_wconf 80' lang='lat' dir='ltr'><strong>ligures</strong></span> <span class='ocrx_word' id='word_1_312' title='bbox 982 3671 1101 3734; x_wconf 83' lang='lat' dir='ltr'><strong>omnes,</strong></span> <span class='ocrx_word' id='word_1_313' title='bbox 1126 3654 1197 3742; x_wconf 89' lang='lat' dir='ltr'><strong>quia</strong></span> <span class='ocrx_word' id='word_1_314' title='bbox 1220 3679 1271 3727; x_wconf 90' lang='lat' dir='ltr'><strong>eas</strong></span> 
     </span>
     <span class='ocr_line' id='line_1_34' title="bbox 139 3751 1270 3843; baseline 0.004 -18"><span class='ocrx_word' id='word_1_315' title='bbox 139 3753 413 3825; x_wconf 83' lang='lat' dir='ltr'><strong>indiscriminatim</strong></span> <span class='ocrx_word' id='word_1_316' title='bbox 438 3754 568 3843; x_wconf 88' lang='lat' dir='ltr'><strong>recipere</strong></span> <span class='ocrx_word' id='word_1_317' title='bbox 591 3764 700 3840; x_wconf 88' lang='lat' dir='ltr'><strong>potest.</strong></span> <span class='ocrx_word' id='word_1_318' title='bbox 727 3751 827 3818; x_wconf 93' lang='lat' dir='ltr'><strong>llomo</strong></span> <span class='ocrx_word' id='word_1_319' title='bbox 850 3763 895 3818; x_wconf 82' lang='lat' dir='ltr'><strong>est</strong></span> <span class='ocrx_word' id='word_1_320' title='bbox 918 3753 1014 3819; x_wconf 82' lang='lat' dir='ltr'><strong>oetier</strong></span> <span class='ocrx_word' id='word_1_321' title='bbox 1037 3755 1212 3842; x_wconf 68' lang='lat' dir='ltr'><strong>indifferens</strong></span> <span class='ocrx_word' id='word_1_322' title='bbox 1232 3763 1270 3829; x_wconf 90' lang='lat' dir='ltr'><strong>ad</strong></span> 
     </span>
     <span class='ocr_line' id='line_1_35' title="bbox 141 3852 1270 3948; baseline 0.001 -21"><span class='ocrx_word' id='word_1_323' title='bbox 141 3856 272 3947; x_wconf 77' lang='lat' dir='ltr'><strong>aliquod</strong></span> <span class='ocrx_word' id='word_1_324' title='bbox 297 3857 413 3924; x_wconf 84' lang='lat' dir='ltr'><strong>bonum</strong></span> <span class='ocrx_word' id='word_1_325' title='bbox 438 3853 618 3943; x_wconf 85' lang='lat' dir='ltr'><strong>particulare</strong></span> <span class='ocrx_word' id='word_1_326' title='bbox 639 3852 894 3940; x_wconf 78' lang='lat' dir='ltr'><strong>onrploetendum,</strong></span> <span class='ocrx_word' id='word_1_327' title='bbox 920 3855 966 3920; x_wconf 79' lang='lat' dir='ltr'><strong>ret</strong></span> <span class='ocrx_word' id='word_1_328' title='bbox 991 3852 1270 3948; x_wconf 71' lang='lat' dir='ltr'><strong>fugiendumque</strong></span> 
     </span>
     <span class='ocr_line' id='line_1_36' title="bbox 138 3952 1268 4049; baseline 0.004 -21"><span class='ocrx_word' id='word_1_329' title='bbox 138 3972 314 4049; x_wconf 86' lang='lat' dir='ltr'><strong>utrumque</strong></span> <span class='ocrx_word' id='word_1_330' title='bbox 336 3967 486 4046; x_wconf 85' lang='lat' dir='ltr'><strong>praestare</strong></span> <span class='ocrx_word' id='word_1_331' title='bbox 510 3963 616 4044; x_wconf 88' lang='lat' dir='ltr'><strong>potest.</strong></span> <span class='ocrx_word' id='word_1_332' title='bbox 636 3952 754 4022; x_wconf 79' lang='lat' dir='ltr'><strong>Exinde</strong></span> <span class='ocrx_word' id='word_1_333' title='bbox 778 3963 859 4042; x_wconf 89' lang='lat' dir='ltr'><strong>patet</strong></span> <span class='ocrx_word' id='word_1_334' title='bbox 884 3954 1118 4026; x_wconf 83' lang='lat' dir='ltr'><strong>indifferentiam</strong></span> <span class='ocrx_word' id='word_1_335' title='bbox 1142 3962 1268 4033; x_wconf 84' lang='lat' dir='ltr'><strong>activam</strong></span> 
     </span>
     <span class='ocr_line' id='line_1_37' title="bbox 142 4057 1273 4156; baseline 0.006 -29"><span class='ocrx_word' id='word_1_336' title='bbox 142 4062 315 4131; x_wconf 84' lang='lat' dir='ltr'><strong>libertatem</strong></span> <span class='ocrx_word' id='word_1_337' title='bbox 339 4058 549 4145; x_wconf 84' lang='lat' dir='ltr'><strong>constituere,</strong></span> <span class='ocrx_word' id='word_1_338' title='bbox 575 4078 634 4146; x_wconf 92' lang='lat' dir='ltr'><strong>qua</strong></span> <span class='ocrx_word' id='word_1_339' title='bbox 660 4058 699 4124; x_wconf 88' lang='lat' dir='ltr'><strong>ita</strong></span> <span class='ocrx_word' id='word_1_340' title='bbox 724 4080 806 4127; x_wconf 83' lang='lat' dir='ltr'><strong>unrrs</strong></span> <span class='ocrx_word' id='word_1_341' title='bbox 838 4067 923 4125; x_wconf 84' lang='lat' dir='ltr'><strong>aetus</strong></span> <span class='ocrx_word' id='word_1_342' title='bbox 946 4057 1095 4150; x_wconf 87' lang='lat' dir='ltr'><strong>eligitur,</strong></span> <span class='ocrx_word' id='word_1_343' title='bbox 1120 4077 1155 4132; x_wconf 94' lang='lat' dir='ltr'><strong>ut</strong></span> <span class='ocrx_word' id='word_1_344' title='bbox 1178 4069 1273 4156; x_wconf 78' lang='lat' dir='ltr'><strong>[ussit</strong></span> 
     </span>
     <span class='ocr_line' id='line_1_38' title="bbox 140 4160 1271 4258; baseline 0.004 -24"><span class='ocrx_word' id='word_1_345' title='bbox 140 4163 241 4235; x_wconf 86' lang='lat' dir='ltr'><strong>etiam</strong></span> <span class='ocrx_word' id='word_1_346' title='bbox 263 4161 402 4232; x_wconf 84' lang='lat' dir='ltr'><strong>absolute</strong></span> <span class='ocrx_word' id='word_1_347' title='bbox 425 4160 537 4248; x_wconf 85' lang='lat' dir='ltr'><strong>omitti,</strong></span> <span class='ocrx_word' id='word_1_348' title='bbox 561 4183 626 4232; x_wconf 91' lang='lat' dir='ltr'><strong>non</strong></span> <span class='ocrx_word' id='word_1_349' title='bbox 649 4180 719 4232; x_wconf 87' lang='lat' dir='ltr'><strong>tero</strong></span> <span class='ocrx_word' id='word_1_350' title='bbox 742 4160 978 4250; x_wconf 70' lang='lat' dir='ltr'><strong>indifferentium</strong></span> <span class='ocrx_word' id='word_1_351' title='bbox 1003 4166 1188 4257; x_wconf 77' lang='lat' dir='ltr'><strong>persicum,</strong></span> <span class='ocrx_word' id='word_1_352' title='bbox 1211 4191 1271 4258; x_wconf 87' lang='lat' dir='ltr'><strong>qua</strong></span> 
     </span>
    </p>
   </div>
   <div class='ocr_carea' id='block_1_4' title="bbox 0 0 1397 4770">
    <p class='ocr_par' dir='ltr' id='par_1_5' title="bbox 0 0 1397 4770">
     <span class='ocr_line' id='line_1_39' title="bbox 0 0 1397 4770; baseline 0 0"><span class='ocrx_word' id='word_1_353' title='bbox 0 0 1397 4770; x_wconf 95' lang='lat' dir='ltr'><strong> </strong></span> 
     </span>
    </p>
   </div>
  </div>
 </body>
</html>
