2760 4770
605 262 698 332 -E
722 299 766 316 -
1136 267 1198 338 ttl

119 400 170 452 co:
196 379 303 451 Omnis
325 385 464 470 peccam
484 387 531 450 est
556 378 754 474 imprudens:
780 378 902 470 quidam
926 367 1063 470 peccator
1084 391 1130 453 ast
1153 381 1246 452 clives:

118 504 207 576 ergo
220 485 344 575 quidam
368 482 453 554 divos
475 493 521 556 est
542 483 816 577 imprudens.‘Ubi
839 484 964 574 quidam
980 483 1064 553 clives
1077 493 1108 553 ct
1122 484 1245 575 impru-

122 589 199 659 dens
220 590 326 660 eadem
349 608 423 677 esse,
449 609 504 659 seu
527 587 607 659 inter
624 610 663 666 ,se
684 587 849 659 convenire
870 587 1016 658 dicuntur
1039 589 1070 655 in
1093 586 1244 675 illatione,

121 713 161 762 co
183 694 268 783 quod
298 691 383 786 prius
405 712 478 762 cum
500 711 565 762 uno
589 691 700 780 tertio,
724 710 834 783 nempe
862 710 935 760 cum
956 695 1112 780 peccatore
1132 709 1247 759 conve-

122 804 246 864 nemnt.
1200 842 1234 855 .·

168 896 210 964 At
232 916 325 983 vero,
348 914 427 987 quae
449 902 522 965 sunl
543 893 649 985 eadem
672 892 728 962 uni
756 892 847 963 teatio
869 913 929 981 rc,
952 902 986 961 et
1008 891 1146 978 ratione,
1172 900 1249 960 sunt

123 997 230 1068 eadem
253 997 333 1067 inter
355 1017 413 1080 se;
437 1015 500 1065 nou
523 1003 598 1064 sunl
619 1004 723 1065 autom
756 991 860 1064 eadem
882 991 964 1063 inter
987 1013 1041 1080 se,
1077 1014 1154 1083 quae
1177 1003 1251 1063 sunl

126 1099 235 1168 eadem
256 1099 311 1168 uui
337 1096 424 1168 tertio
447 1117 499 1184 re,
523 1104 558 1165 ct
577 1114 639 1165 non
663 1097 791 1184 rollone,
816 1115 926 1186 nempe
941 1095 1109 1164 secundum
1125 1117 1249 1166 omnem

125 1200 292 1291 rationem,
316 1199 357 1270 ita
377 1209 414 1268 ut
435 1194 605 1269 secundum
633 1199 788 1290 quandam
814 1201 974 1281 rationem,
999 1206 1029 1266 et
1052 1198 1248 1286 inadaequale

123 1310 247 1371 tantum
271 1302 453 1372 conveniant
475 1303 530 1370 uni
554 1301 653 1389 tertio,
676 1311 707 1370 et
730 1302 901 1371 secundum
925 1301 1015 1369 aliam
1039 1301 1187 1377 rationem
1209 1299 1249 1368 ab

125 1403 182 1471 illo
196 1401 347 1474 differant.
372 1397 455 1474 Hinc
474 1424 537 1474 non
572 1404 642 1472 licet
665 1404 704 1472 ita
729 1404 948 1494 argumentari
975 1402 1071 1491 Actio,
1095 1410 1125 1471 et
1149 1401 1248 1492 passio

120 1513 199 1572 sunt
220 1503 300 1574 idem
322 1516 519 1600 cumxmotu3
543 1526 619 1596 ergo
642 1508 715 1576 s'unt
735 1508 814 1576 idem
837 1507 917 1576 inter
939 1529 984 1591 so;
1009 1527 1081 1574 nam
1104 1505 1193 1592 actio,
1217 1516 1250 1575 ct

119 1605 224 1696 passio
245 1617 318 1678 sunt
333 1608 414 1677 idem
430 1628 503 1677 cum
518 1619 616 1694 motu,
633 1607 685 1678 sed
709 1627 773 1678 nou
790 1608 958 1677 secundum
982 1607 1132 1677 rationem
1154 1627 1248 1696 oppo-

119 1707 265 1797 sitioniS,
290 1730 384 1800 quam
406 1708 438 1776 in
461 1729 493 1778 se
517 1709 678 1777 involvunt
691 1729 700 1790 ;
726 1707 869 1798 quocirca
899 1729 969 1778 cum
994 1729 1058 1778 non
1081 1709 1143 1776 sint
1167 1709 1248 1779 idem

122 1830 198 1878 cum
220 1821 308 1880 nrotu
344 1809 512 1879 secundum
535 1829 660 1877 omnem
684 1808 843 1897 rationem,
872 1831 936 1879 non
970 1804 1045 1880 sunt
1065 1809 1145 1879 idem
1170 1812 1250 1882 inter

124 1934 171 1984 se.
196 1913 295 1994 Quare
317 1931 355 1983 s.·
370 1913 579 1982 Bonaventnra
604 1912 641 1980 de
667 1911 720 1981 illo
736 1911 933 2001 pronuntiato
949 1912 993 1981 sic
1007 1910 1153 2000 loquitur:
1176 1912 1249 1984 cll·

124 2017 181 2087 lud
205 2015 390 2108 principium
419 2015 651 2109 intelligendum
675 2025 722 2084 est
746 2017 917 2086 secundum
951 2016 1045 2085 idem.
1073 2014 1141 2084 Non
1163 2019 1248 2088 enirn

119 2119 273 2209 sequitur,
297 2120 381 2210 quod
404 2118 430 2188 si
453 2118 553 2208 aliqua
577 2118 639 2187 duo
667 2127 741 2188 sunt
763 2111 873 2186 similia
896 2117 963 2204 uni,
988 2119 1070 2211 quod
1088 2114 1148 2187 sint
1163 2119 1250 2190 simi-
1362 2129 1365 2134 ’

120 2221 163 2303 lia
186 2219 266 2291 inter
290 2243 334 2309 se,
358 2220 416 2291 nisi
439 2219 503 2292 sint
525 2220 634 2290 similia
657 2222 828 2290 secundum
851 2221 932 2291 idem
950 2221 980 2288 ¹»
998 2241 1007 2303 ;
1025 2220 1153 2308 scilicet,
1169 2243 1249 2312 quac

119 2344 193 2392 cum
217 2343 283 2393 uno
305 2323 395 2391 tertio
417 2320 636 2408 consentiunt,
660 2342 726 2391 non
750 2322 877 2392 omnino
901 2316 1004 2392 secum
1026 2323 1245 2412 consentiunt,

118 2427 173 2498 sed
197 2425 229 2494 in
250 2446 288 2496 eo
311 2435 444 2511 tanturn,
470 2422 503 2492 in
524 2445 588 2514 quo
611 2445 684 2493 cum
708 2426 800 2495 tertio
822 2425 1032 2498 consentiunt.
1300 2424 1306 2437 “

170 2527 218 2596 Ex
241 2526 290 2596 his
312 2524 495 2616 intelligitur
518 2526 671 2614 prolatum
703 2526 824 2596 axioma
853 2528 999 2617 mysterio
1022 2546 1063 2596 ss.
1088 2528 1245 2600 Trinitatis

120 2631 209 2701 nullo
231 2629 324 2699 modo
346 2625 472 2718 opponi.
499 2626 620 2696 Etenim
645 2625 744 2714 Pater,
768 2627 887 2716 Filius,
911 2638 942 2697 et
963 2628 1094 2718 Spiritus
1118 2629 1246 2701 Sanctus

122 2743 196 2802 sunt
217 2733 341 2822 quidem
364 2730 463 2822 reipsa
498 2750 621 2813 uuum,
660 2729 801 2829 idemque
834 2753 905 2800 cum
930 2742 1042 2800 natura·
1063 2732 1191 2820 Divina,
1216 2743 1248 2802 at

123 2857 188 2906 non
211 2835 381 2904 secundum
406 2853 533 2901 omnem
556 2831 719 2920 rationem,
737 2831 886 2923 siquidem
912 2832 1050 2904 Essenlia
1074 2835 1180 2904 Divina
1203 2847 1249 2908 cst

122 2935 236 3027 aliquid
260 2936 448 3022 absolutum,
468 2931 637 3033 Patemitas
653 2945 768 3023 aulem,
787 2934 916 3024 Filiatio,
934 2946 964 3004 et
986 2935 1116 3023 Spiratio
1132 2939 1247 3028 passiva

119 3038 234 3128 aliquid
258 3037 418 3106 relativum
447 3033 632 3126 significant.
669 3036 748 3104 Hinc
781 3057 819 3104 ex
843 3037 897 3105 illo
931 3036 1082 3107 axiomata
1107 3039 1246 3128 sequitur

120 3142 256 3228 Patrem,
281 3138 416 3228 Filium„
447 3149 479 3209 et
501 3137 650 3229 Spiritum
673 3139 819 3209 Sanctum
842 3160 909 3210 esso
931 3162 1031 3210 unum
1055 3143 1136 3212 iuter
1158 3164 1190 3214 se
1212 3147 1246 3214 in

119 3252 243 3332 natura,
266 3262 301 3310 ac
324 3242 454 3332 proinde
485 3241 629 3341 eamdem
649 3263 778 3312 ntrmcro
811 3263 878 3314 esse
910 3243 1017 3341 Trium
1042 3244 1246 3318 Personarum

119 3340 277 3431 naturam,
302 3362 365 3411 non
387 3354 491 3412 autem
514 3362 581 3414 esse
596 3364 696 3412 unum
713 3344 829 3413 malane
846 3343 1004 3436 Personae,
1029 3367 1082 3416 sou
1106 3350 1249 3422 relativae

121 3444 335 3541 oppositionis,
359 3467 452 3536 quam
475 3446 512 3514 ad
536 3466 568 3516 se
589 3446 705 3516 habent
721 3445 746 3516 ².

125 3592 132 3622 .·
165 3547 288 3618 Exinde
309 3546 402 3617 etiam
425 3546 503 3629 ratio
526 3546 721 3636 perspicitur,
738 3546 778 3616 ob
801 3565 896 3636 quam
919 3547 1082 3641 Sapientia,
1106 3568 1247 3648 e.1g.,et

119 3647 248 3720 Bonitas
270 3648 334 3737 Ilei,
359 3647 417 3718 etsi
438 3646 557 3717 ratione
580 3667 644 3715 raon
668 3646 728 3716 sint
752 3646 833 3716 idem
856 3669 928 3716 curn
955 3650 1056 3720 divina
1084 3654 1247 3751 Essentia,

119 3763 240 3838 tamem
264 3771 352 3822 secus
375 3771 411 3820 ac
433 3751 551 3819 divinae
574 3749 734 3837 Personae,
754 3749 834 3817 inter
855 3769 888 3829 se
911 3771 974 3820 non
997 3755 1245 3847 distinguuntur.

120 3853 205 3925 Nam
229 3852 279 3923 illa
303 3853 460 3944 attributa,
485 3853 542 3925 etsi
565 3854 682 3922 ratione
705 3853 745 3922 ab
768 3851 905 3924 Essentia
928 3854 1082 3948 disserant,
1100 3860 1179 3932 sicut
1196 3863 1249 3933 Pa·

160 4093 186 4165 ι)
204 4090 235 4148 n
254 4091 305 4152 nn.
325 4078 448 4164 taem,
467 4093 537 4152 uasa.
558 4092 687 4166 xxxin,
705 4110 732 4151 a.
753 4093 776 4165 t,
794 4111 823 4166 q.
843 4073 861 4150 's
880 4093 922 4151 ac
940 4109 1026 4169 αφ

158 4179 186 4247 ¹)
205 4177 267 4233 vid.
286 4193 311 4234 s.
334 4179 450 4252 Tuom,
472 4179 495 4252 l,
516 4198 545 4252 q.
565 4180 690 4254 xxvul,
706 4178 766 4240 ai
785 4180 820 4238 od
843 4177 870 4253 l,
890 4191 918 4240 el
936 4197 961 4240 s.
981 4180 1152 4257 Bou.,ibid.,
1173 4184 1244 4247 uin.

119 4263 251 4338 xxxiv,
271 4281 299 4322 a.
319 4264 343 4338 l,
362 4283 391 4340 q.
413 4264 425 4322 l
446 4267 486 4326 od
504 4281 572 4340 orn.
