2760 4770
599 289 647 308 -
670 254 693 321 Τ
716 291 761 304 -
1127 258 1196 328 859

125 368 178 439 liet
200 371 231 439 in
256 393 287 441 so
310 369 439 461 primam
469 369 685 462 perfectionem
701 398 710 455 3
727 371 875 461 quoniam
892 372 1011 462 primus
1025 386 1174 445 numerus
1189 374 1246 463 est,

124 473 178 560 qui
202 484 376 542 constater
407 475 553 545 omnibus
576 474 712 563 partibus
734 477 815 562 suis,
832 474 944 543 scilicet
959 475 1076 545 unitate
1098 485 1129 547 et
1150 476 1246 545 dunfi-

125 581 199 661 tato,
223 595 300 662 quoe
323 575 415 644 simul
438 577 558 645 iunctae
585 574 702 643 faciunt
725 575 796 645 trin.
816 576 890 645 item
906 598 1026 646 summo
1044 576 1187 666 perfectio
1200 586 1248 648 est

126 673 158 743 in
183 697 232 764 eo,
257 677 462 766 immuniter,
487 699 564 768 quoe
594 689 641 747 est
669 677 860 767 principium
885 688 916 746 et
950 679 1112 769 completio
1145 679 1247 750 omnis

124 779 258 867 numeri,
285 782 398 849 reflexo
418 804 507 870 supra
531 804 564 851 se
593 783 831 870 reduplicatione
855 785 981 872 perfecte
998 774 1154 871 quadi-«ito,
1171 805 1245 872 qno·
1316 778 1319 783 ’

123 883 162 952 fis
189 884 218 950 in
242 886 341 953 sofido
363 888 510 975 quadrato
527 886 695 974 triplicetur
716 889 885 955 secundum
904 888 1067 970 rationem,
1084 906 1246 956 remanens

121 1008 183 1053 nuo
206 986 374 1054 secundom
397 987 557 1069 rrnitotern3
576 996 609 1054 ut
631 985 656 1055 si
676 985 794 1054 dicotur
809 991 902 1056 semei
920 1009 1031 1081 uuum,
1048 988 1155 1058 semei.
1176 1039 1210 1060 ..
1229 1033 1237 1053 .

123 1086 281 1175 Stntttttor,
305 1087 331 1155 si
354 1086 561 1157 consideretur
583 1107 731 1155 numerus
759 1082 820 1155 iste¹
837 1090 868 1155 in
891 1087 1059 1175 quontitate
1080 1087 1244 1177 continuo,

121 1187 212 1256 habet
234 1187 265 1257 in
288 1211 320 1259 se
344 1188 472 1277 primam
496 1187 724 1276 perfectionem,
749 1197 779 1256 et
806 1182 982 1257 summum(
1000 1188 1146 1276 Primam,
1174 1190 1244 1280 quio

118 1292 223 1361 omnis
244 1291 397 1380 quantitas
419 1292 511 1360 habet
534 1289 729 1381 principium,
761 1291 909 1374 modium,
927 1306 953 1361 et
972 1284 1132 1361 ultimum.
1149 1293 1240 1363 Sum·

122 1415 218 1481 mum,
242 1394 314 1481 quio
339 1394 481 1484 perfectio
502 1393 680 1482 quantitatis
702 1393 866 1463 continuae
889 1415 1030 1482 supremo
1052 1395 1191 1464 consistit
1213 1397 1246 1466 in

123 1498 204 1567 trino
227 1497 428 1586 dimensione,
453 1498 567 1566 scilieet
590 1496 794 1586 longitudine,
828 1498 1051 1583 intitutfine‚'et
1072 1499 1244 1582 altitudine3

123 1613 157 1670 et
178 1604 236 1670 froc
258 1613 315 1688 est,
333 1603 413 1692 rpuod
436 1602 510 1669 dicit
526 1600 729 1689 Philosophus
744 1601 776 1668 in
792 1601 943 1691 principio
960 1600 998 1668 de
1013 1601 1091 1675 coeto
1112 1609 1139 1669 et
1155 1623 1247 1672 mon..-

121 1705 175 1772 efo.
200 1704 298 1773 (inmo
319 1703 402 1772 enim
427 1703 596 1792 perfectum
619 1702 650 1770 in
676 1702 773 1771 tribus
795 1702 939 1788 dicimus,
974 1713 1006 1769 et
1038 1703 1096 1794 froc
1117 1725 1247 1774 numero

122 1805 320 1874 adhibuimus
349 1803 551 1893 nosmetipsos
586 1802 785 1892 magnificare
817 1801 913 1870 Deum
947 1824 1046 1870 unum
1081 1815 1248 1877 creatorem

121 1909 275 1994 omniurn,
299 1906 483 1978 eminentem
510 1905 750 1997 proprietatibus·
775 1925 910 1989 eorum,
939 1926 1018 1992 quoe
1039 1917 1114 1974 sunt
1134 1915 1245 1975 orento.

122 2009 281 2098 Similiter,
305 1996 335 2079 si
354 2009 562 2077 consideretur
584 2005 640 2074 iste
663 2026 812 2074 numerus
836 2004 866 2074 in
886 2012 1037 2091 creatura,
1054 2006 1144 2075 habet
1167 2009 1248 2078 inse

120 2113 253 2201 primam
279 2110 505 2200 perfectionem,
530 2119 560 2176 et
591 2127 758 2176 summum.
791 2103 937 2191 Primam,
972 2105 1044 2194 quie
1081 2106 1246 2182 trinitatem

121 2213 241 2304 vestigii
264 2210 418 2301 contingit
440 2211 569 2298 reperire
585 2208 616 2278 in
636 2209 772 2297 quotibet
795 2221 946 2294 creatum,
964 2220 1250 2300 quantumcumque

120 2335 226 2404 parva,
250 2324 533 2403 quantumcumque
557 2311 696 2380 minimo.
721 2310 899 2395 l'erfcetem,
916 2309 986 2398 quio
1007 2317 1177 2382 seecundum
1195 2314 1248 2382 tri-

119 2415 249 2486 nitatem
273 2416 413 2506 inmginis
437 2416 644 2500 reformatam,
668 2426 698 2482 et
715 2413 767 2481 Dei
792 2415 920 2480 formum
944 2415 1248 2494 attenditursummo

119 2530 155 2589 et
176 2518 362 2591 nobilissimo
387 2518 530 2608 perfectio
551 2527 717 2605 creturae,
743 2516 855 2584 scilicet
876 2515 1032 2584 beatitudo
1056 2513 1067 2556 ¹
1095 2539 1126 2584 o.

631 2864 636 2871 .
674 2738 709 2892 n

477 3059 905 3173 utsrttttttntttts

171 3310 195 3380 l.
223 3308 282 3377 Unt
307 3326 721 3397 emcunscntrrivonff-uur
747 3326 959 3375 uuotutrtvun
985 3303 1010 3374 ².

175 3413 213 3482 ff.
240 3413 370 3484 Unto-
388 3413 597 3482 Coimustrto.
626 3432 640 3472 n
668 3408 758 3495 Unio,
794 3409 835 3476 uit
869 3430 894 3474 s.
926 3407 1151 3492 uenenorum,
1181 3406 1253 3476 dicit

127 3518 380 3604 compositionem
404 3517 535 3582 duorum
561 3513 591 3578 in
616 3509 718 3594 tertio,
743 3509 805 3578 sire
836 3510 1060 3578 constituuntur
1081 3510 1118 3577 od
1141 3508 1254 3577 consti·

129 3621 281 3688 tutionem
308 3618 399 3705 tertii,
423 3618 483 3684 siro
508 3636 582 3683 non.
608 3610 796 3700 Compositio
820 3632 891 3679 vero
913 3610 985 3679 rficit
1006 3609 1252 3680 coniunctionem

129 3721 315 3809 aliquorum,
340 3723 380 3788 ita
404 3719 484 3807 quod
509 3716 635 3784 veniunt
656 3714 692 3780 ud
713 3712 962 3782 coristitutionem
979 3711 1055 3781 tertii
1077 3734 1085 3793 ;
1110 3725 1140 3782 ct
1163 3733 1256 3781 omne

131 3826 191 3892 tofo
213 3823 316 3910 aliquo
339 3821 430 3890 motio
451 3828 497 3887 est
521 3815 674 3886 motoriufc
703 3822 837 3901 respectu
860 3813 998 3883 ulterius.
1026 3814 1062 3880 Et
1080 3814 1148 3882 idco
1169 3835 1253 3882 com-

130 3925 241 4015 positio
264 3944 382 4013 sentper
420 3919 493 3989 dicit
517 3913 778 4007 imperfectionem
814 3914 844 3981 in
868 3915 1147 4006 oontponentibus3
1182 3915 1256 3985 unio

169 4159 192 4225 ¹)
213 4155 242 4210 fn
263 4154 309 4209 tttt,
332 4152 342 4206 1
364 4152 455 4219 Sent,
476 4148 544 4204 Dist.
565 4147 597 4216 ff,
616 4162 643 4200 o.
665 4146 688 4214 f,
708 4163 735 4215 q.
755 4143 773 4201 ft
791 4146 883 4202 recol.

167 4244 191 4315 ²)
206 4240 268 4297 virt.
293 4230 755 4306 Circumrci‘iptfoo-Definitice,
776 4244 803 4302 p.
824 4227 870 4285 ot.
