2760 4770
71 364 126 431 psa
149 354 208 432 ost,
233 346 408 432 immediato
430 349 638 437 cognoscitur,
656 370 693 426 eo
715 351 797 438 quod
811 362 977 442 ¹tamquam
1001 354 1192 442 cognoscibi-

68 448 120 538 lis,
146 451 219 538 sive,
245 463 278 521 ut
301 454 396 542 aiunt,
421 453 455 522 in
478 455 594 522 ratione
621 454 873 544 obiecticoqm'li,
900 457 1075 526 immediate
1092 459 1191 532 ,monti
1223 443 1226 452 ¹

64 555 155 622 adest
173 557 218 622 rol
242 577 296 642 per
319 576 405 643 suurn
428 556 613 644 essentiam,
639 559 768 646 relpor
791 559 920 648 specium
946 547 1003 637 silli
1026 558 1191 649 proraiam.

64 653 109 722 E..
133 677 179 745 gg,
204 656 350 746 cognitio,
373 680 433 746 qua
457 679 544 730 ruens
567 657 663 726 lloum
689 658 719 724 in
744 659 800 728 lino
827 659 1034 750 riteattingit,
1058 673 1105 731 εει
1126 660 1192 729 olas.-

64 759 206 840 tractim,
233 759 494 848 i›lle·autcm,qua
512 759 592 826 Beati
618 759 832 847 lruuntur,est
862 765 1017 832 irrtnr'tion.
1045 763 1107 838 lam
1132 760 1194 850 ipsa

63 859 207 951 cognitio
226 859 365 938 intuitiva
389 863 434 928 rel
457 874 503 931 ost
525 863 704 952 sinpliciter
730 866 896 951 irrtnitivo,
922 868 975 953 rel:
998 865 1089 934 etiam
1113 887 1194 934 corrr-

62 960 261 1057 protensior,
285 986 345 1052 qua
369 985 479 1052 nempe
502 986 550 1033 res
574 988 637 1034 non
660 969 760 1034 solnm
783 979 875 1056 prout
897 967 928 1037 in
952 968 1048 1056 seipsa
1071 978 1118 1037 est
1140 989 1192 1036 co-

61 1063 233 1153 gnoscitur,
259 1066 308 1150 sed
333 1064 422 1133 etiam
447 1068 779 1156 turtiniacognoscitrrr,
804 1077 953 1156 qnantum
976 1072 1011 1138 in
1032 1093 1062 1139 se
1084 1093 1191 1160 cogno-

63 1165 173 1253 scibilis
195 1174 238 1232 est
255 1167 277 1255 ¹,
303 1167 341 1234 ita
367 1178 401 1235 nt
424 1169 559 1258 cognitio
586 1179 680 1237 totam
700 1171 740 1238 rei
765 1171 1008 1258 magnitudinem
1032 1182 1189 1262 exaequet,

63 1277 93 1332 et
113 1269 274 1336 exhauriat
291 1268 315 1338 ².
342 1267 524 1365 Huiusmodi
556 1283 602 1341 est
623 1273 781 1360 cognitio,
812 1295 904 1361 quum
929 1275 1010 1341 Deus
1032 1275 1069 1341 de
1091 1275 1190 1364 seipso

60 1371 166 1438 habet.
194 1370 236 1438 lta
260 1375 349 1441 etiam
375 1377 481 1465 Angeli
516 1372 761 1464 comprehensive
788 1382 981 1464 cognoscunt
1003 1375 1107 1444 omnia
1131 1375 1189 1444 sibi

60 1471 205 1543 inleriora
229 1474 343 1542 ordinis
359 1480 516 1548 naturalis.
548 1479 697 1548 Intuitiuo
723 1480 859 1566 cognitio
881 1477 1080 1566 distinguitur
1100 1477 1191 1546 etiarn

58 1584 166 1643 contra
191 1576 402 1658 dimensionum
427 1580 547 1668 dequo
570 1579 635 1648 niel.
656 1581 750 1647 'rocos
773 1580 1119 1658 lateritiae-Discmmre.
1206 1638 1212 1645 .

105 1675 185 1744 Xlll.
213 1681 376 1748 ilcnroens
394 1680 738 1753 ionicus-torrionis
760 1702 932 1751 rnrsrcun.
946 1682 1093 1751 Accidens
1112 1682 1191 1771 pley-

58 1782 169 1867 sicum,
195 1779 255 1846 siro
269 1782 545 1868 pr’ncdicnraetttele
561 1782 711 1871 signilicat
728 1805 818 1852 omno
834 1785 920 1872 illud,
940 1787 1033 1874 ¹quod
1056 1785 1191 1853 substan-

58 1885 121 1949 tioe
142 1883 318 1972 opponitur,
344 1883 474 1974 ideoque
494 1897 540 1955 est
562 1887 661 1973 illud,
681 1887 730 1953 cui
754 1888 896 1955 convenit
918 1909 983 1956 esse
1007 1908 1071 1954 non
1094 1886 1124 1953 in
1146 1909 1190 1973 se,

59 1988 111 2055 sed
137 1989 168 2054 in
191 1986 294 2077 aliquo
319 1987 477 2071 sulriecto;
504 1990 562 2058 lroc
590 2001 648 2076 est,
679 1988 835 2058 inhaerere
859 1989 1057 2071 substantiam
1091 1987 1134 2056 uti
1158 1991 1191 2057 li-

59 2109 161 2174 gum,
186 2101 216 2157 et
246 2091 358 2159 modus
381 2089 520 2178 quilibet.
545 2092 692 2160 Accidens
715 2112 786 2159 roro
815 2092 967 2179 logicum,
990 2110 1044 2158 seu
1065 2092 1191 2180 proedi-

58 2189 154 2257 cubile
175 2203 220 2258 est
243 2191 394 2280 qualitaS,
421 2213 498 2279 qum
520 2192 560 2258 ita
585 2192 726 2260 advenire
742 2192 863 2259 cuidam
886 2193 1023 2262 subiecto
1047 2191 1189 2280 intelligi-

59 2303 120 2378 tur,
149 2304 184 2360 ut
206 2314 304 2381 noque
327 2292 393 2362 cius
415 2292 577 2383 essentiam
600 2292 776 2380 constituat,
806 2315 904 2382 neque
927 2294 965 2360 ab
987 2293 1112 2361 essentia
1138 2314 1187 2363 ne,-

58 2396 201 2465 cessario·
211 2398 296 2479 lluat;
324 2409 357 2465 ut
379 2416 445 2466 esse
473 2397 612 2480 doctum,
637 2395 740 2464 allium
764 2406 836 2478 ctos,
856 2398 996 2484 quocirca
1020 2396 1187 2463 delinitur:

57 2500 138 2586 quod
161 2499 254 2585 adest,
279 2500 327 2586 rel
349 2500 429 2566 obest
458 2503 522 2567 sine
543 2499 666 2566 subiecti
693 2501 790 2586 ipsius
812 2500 1004 2586 corruptione
1016 2518 1025 2577 ;
1050 2496 1109 2563 lroc
1130 2507 1187 2581 est,

57 2602 120 2671 sire
143 2599 280 2668 'subiecto
295 2597 457 2693 convenire
472 2597 635 2688 cogitetur,
654 2597 715 2665 siro
735 2619 798 2668 non
824 2597 997 2684 convenire,
1021 2596 1096 2664 nilail
1120 2617 1189 2664 mu·

58 2715 139 2771 tatur
163 2705 200 2771 de
223 2704 306 2772 illius
328 2701 467 2770 essentia.
494 2698 573 2766 llinc
595 2699 679 2767 color
707 2699 813 2790 niger,
848 2699 904 2776 etsi
927 2722 943 2766 a
966 2719 1057 2768 corvo
1079 2697 1119 2764 sit
1140 2698 1187 2765 in·
1244 2735 1246 2738 ·

57 2804 256 2896 separabilis,
293 2814 393 2872 tamen
423 2815 470 2872 cst
497 2801 655 2889 occidens,
690 2802 761 2891 quia
787 2804 854 2873 licet
882 2811 992 2872 corvus
1013 2802 1101 2873 albus
1124 2822 1188 2871 esse

56 2905 257 2999 intelligatur,
283 2906 359 2974 nihil
382 2904 574 2992 intelligitur,
606 2903 689 2993 quod
711 2903 857 2972 essentiae
886 2902 967 2971 corvi
991 2914 1152 2992 repugnet.

102 3008 149 3076 Ex
175 3030 234 3096 qua
257 3006 454 3096 explicatione
485 3004 628 3092 intelligis
660 3014 846 3092 peccatum,
875 3004 930 3072 etsi
954 3003 1087 3078 animum
1111 3028 1188 3094 quo-

56 3110 231 3199 dammodo
245 3116 431 3196 corrumpat,
456 3116 570 3192 tamen,
589 3127 675 3174 scens
710 3126 745 3173 ac
769 3106 894 3174 Flaccus
916 3104 1078 3195 llillyricus
1100 3116 1185 3194 putu-

58 3212 111 3298 rit,
135 3222 182 3279 εει
204 3211 353 3304 accidens,
379 3229 451 3277 nam
467 3207 533 3296 ipso
552 3218 583 3275 ot
598 3218 740 3275 manente
757 3229 808 3298 per
829 3218 947 3278 rnatum
970 3217 1001 3275 ει
1023 3209 1185 3294 nauculam,

57 3327 88 3381 ει
111 3314 233 3381 subluto
256 3335 309 3402 per
332 3311 600 3396 iustificationem,
625 3312 723 3380 adhuc
752 3311 936 3398 subiectum,
967 3311 996 3379 id
1018 3323 1063 3379 εει
1085 3312 1186 3380 aniana

58 3439 146 3486 suum
169 3413 484 3506 essentiam-retinet..
501 3503 504 3509 ῃ
523 3413 554 3480 ld
579 3413 740 3501 magislsrt
762 3413 954 3502 perspicuum
978 3436 1013 3482 ex
1044 3435 1082 3481 eo
1105 3419 1186 3501 quod

58 3528 229 3609 peccatum,
253 3538 307 3586 seu
331 3514 446 3601 malurn
470 3537 533 3584 non
555 3514 679 3602 qtdrlem
702 3517 832 3604 effective
859 3516 1185 3606 corrumpitbornror,

57 3627 132 3691 sicot
156 3624 254 3709 pictor
275 3620 387 3688 dicitur
407 3621 507 3707 locere
528 3615 631 3686 olberto
649 3621 826 3708 parietem
857 3620 908 3688 sed
931 3621 1125 3708 sorriaoliter,
1150 3617 1188 3688 eo

57 3726 153 3794 modo
175 3723 327 3812 loquendi,
352 3745 412 3812 qtro
428 3723 540 3791 dicitur
554 3719 658 3790 albedo
681 3723 780 3807 succro
795 3721 910 3808 alburg
936 3744 1045 3812 nempe
1069 3725 1184 3791 malurn

95 3979 120 4048 ί)
140 3979 202 4032 vid.
217 3994 247 4032 ε.
267 3977 383 4048 Τιιοιιι.,
403 3978 425 4047 l,
441 3994 468 4046 q.
490 3977 553 4046 Xll,
572 3992 599 4031 a.
617 3974 634 4029 7
653 3991 681 4029 e.

91 4068 116 4130 ²)
137 4077 150 4118 t
173 4064 242 4117 lllud
263 4064 378 4118 scientia
400 4064 672 4131 comprehenditur,
699 4061 774 4130 qrrod
794 4061 909 4116 scientis
927 4063 1182 4130 comprehensione

55 4151 155 4206 sinitur
176 4164 201 4220 ις
221 4165 244 4204 s.
266 4148 353 4219 Aug„
375 4149 417 4204 De
439 4150 499 4204 Cio.
517 4146 585 4218 Dei,
600 4148 647 4201 lilr.
664 4146 723 4216 Xll,
747 4163 772 4199 c.
791 4147 833 4201 l8.
853 4149 887 4202 Et
907 4150 955 4217 Ερ-
980 4147 1087 4215 xtvtt,
1105 4162 1131 4200 c.
1151 4149 1178 4202 ll:

58 4250 72 4292 ι
90 4235 145 4290 llos
158 4234 423 4308 consprelreurlitur,
439 4250 504 4290 cuur
519 4234 557 4291 ita
573 4235 728 4308 ridetur,ut
742 4233 811 4289 nihil
824 4233 886 4291 rius
903 4235 989 4293 tutent
1004 4234 1143 4292 ridentem
1157 4251 1181 4290 r.
