2760 4770
55 370 126 443 lloc
147 363 214 442 est:
237 364 414 444 'atterenda
435 371 547 445 dividit
581 396 702 466 genus,
728 392 791 446 333
814 371 937 464 qriidem
962 372 1027 462 ita,
1056 385 1091 444 ut
1112 374 1181 445 eius

55 476 255 564 complexum
279 474 310 543 iu
333 484 431 564 portes
459 475 585 566 dividat,
609 476 662 546 sed
685 476 726 544 ita
750 487 784 546 ut
806 474 890 546 illius
912 473 1064 544 ambitum
1080 474 1181 556 diver-

55 575 103 645 sis
125 576 225 646 medis
247 577 438 668 determinet,
463 580 545 649 unde
564 599 662 666 genus
678 582 710 648 in
725 577 840 668 species
855 575 912 648 sibi
929 577 1078 646 subiectas
1087 577 1182 668 ‘quasi

56 689 192 748 secatur.
218 680 261 759 lta
284 681 432 750 rutimtolc
454 692 535 751 secat
556 681 668 751 animal
684 681 716 749 in
733 683 889 750 bominem
904 690 935 749 et
950 680 1090 750 brutum.
1109 679 1182 768 Spe·

59 778 139 851 ciem
160 781 342 864 constituit;
366 781 436 872 quia
459 780 626 851 dillerentia
652 793 791 873 estpars
814 782 856 851 rei
871 781 1012 851 'maxime
1035 779 1181 872 propria,

60 887 141 972 quae
162 895 278 972 partem
306 905 504 954 communem
530 885 681 953 contrahit
704 885 799 954 instar
820 887 952 974 somnae,
975 893 1007 951 et
1022 882 1054 950 ia
1070 872 1184 950 certam

57 992 203 1055 naturam
226 982 391 1078 compellit
416 985 493 1056 Nam
517 1007 636 1077 genua,
659 1009 686 1058 e.
711 1009 758 1077 g„
782 989 907 1076 animal,
931 996 977 1056 est
1000 985 1095 1055 veluti
1118 1007 1184 1053 ma-

57 1085 137 1155 teria
159 1107 234 1178 vaga
257 1098 288 1157 et
309 1091 506 1179 communis,
529 1110 607 1179 quae
631 1110 685 1181 per
717 1089 870 1158 3333333333
892 1096 1074 1177 coercetur,
1099 1087 1183 1156 unde

56 1188 158 1259 homo
178 1198 272 1258 extat.

106 1289 161 1361 xt.
185 1288 408 1362 birnananrm
431 1312 492 1364 333
516 1311 670 1363 33333333
691 1312 830 1364 333333
854 1291 945 1361 Ratio
967 1299 1026 1378 est,
1050 1281 1124 1380 quia
1145 1308 1183 1359 eo
1289 1282 1296 1291 '

57 1393 143 1484 ipso,
159 1393 240 1482 quod
263 1393 430 1462 differentia
453 1391 608 1462 contrahit
630 1413 741 1483 genus,
764 1395 849 1484 quod
871 1415 908 1463 33
931 1413 995 1464 sese
1010 1391 1184 1461 indifferens
1273 1437 1279 1443 -

57 1506 111 1568 333
132 1499 172 1567 ad
193 1497 361 1587 quamlibet
383 1499 533 1589 speciem,
558 1500 634 1569 illud
661 1501 804 1589 perficit,
829 1523 864 1570 33
895 1501 1021 1592 proinde
1049 1499 1188 1570 nobilius

57 1596 172 1667 reddit.
199 1599 244 1666 Ex
267 1621 331 1689 quo
357 1612 439 1691 patet
466 1602 669 1674 differentiam
697 1623 762 1673 3333
784 1604 968 1673 nobiliorem
992 1623 1125 1693 genere,
1151 1614 1186 1671 ut

59 1699 222 1791 perficiens
246 1700 376 1773 nobilius
397 1714 445 1772 333
466 1725 519 1793 33,
544 1708 626 1795 quod
650 1708 750 1795 perfici
767 1716 877 1796 potest,
897 1707 960 1777 sire
976 1717 1012 1775 ut
1027 1707 1185 1798 proprium

59 1803 241 1891 conamuni,
265 1813 356 1892 atque
378 1814 415 1872 33
436 1814 521 1874 actus
542 1807 687 1894 potentia.
705 1807 775 1876 Non
796 1818 898 1878 autem
915 1809 979 1898 ipsa
994 1821 1039 1877 est
1056 1807 1188 1877 nobilior
1252 1847 1255 1851 .
1341 1819 1343 1827 ’

59 1923 189 1993 genere,
213 1914 248 1974 ut
270 1903 339 1993 alia,
362 1915 394 1975 et
416 1907 482 1976 alia
498 1918 619 1992 natura
644 1909 794 1999 siquidem
816 1910 985 1980 differentia
1001 1913 1117 1979 nullam
1133 1911 1189 1980 ba·
1264 1915 1269 1924 '

60 2007 118 2076 bct
141 2007 285 2095 sormam,
309 2029 387 2098 quae
410 2008 554 2099 implicite
582 2011 614 2081 in
637 2033 747 2101 genere
769 2034 833 2082 non
857 2014 1051 2083 contineatur
1067 2014 1091 2081 ¹.
1110 2012 1189 2083 Hinc

60 2107 133 2179 cen
157 2129 196 2200 pa
179 2118 257 2181 3333
279 2120 314 2178 ut
335 2112 516 2202 differentia,
541 2136 594 2204 per
615 2137 708 2206 quam
723 2115 838 2208 aliquid
853 2115 1053 2185 constituitur
1069 2116 1102 2184 in
1117 2138 1185 2208 spe·

61 2211 124 2299 cie,
138 2231 201 2280 333
223 2211 370 2302 pertineat
392 2216 429 2283 ad
452 2215 633 2287 nobiliorem
657 2227 811 2306 naturam,
832 2239 868 2287 33
892 2237 1002 2313 genus.
1022 2216 1064 2284 lta
1079 2217 1188 2286 diversi

63 2314 194 2408 gradus,
216 2335 253 2384 33
277 2308 390 2405 quibus
412 2327 522 2389 natura
545 2318 687 2391 sensitiva
717 2319 750 2389 in
773 2320 929 2409 speciebus
953 2318 1157 2390 animalium
1148 2341 1190 2387 n·-

62 2417 263 2486 mtionalium
285 2418 529 2509 determinatur,
568 2442 632 2490 333
654 2431 727 2492 3333
749 2423 875 2491 ulterius
907 2428 1038 2490 octaceoc
1067 2419 1191 2488 nobilio-

63 2521 112 2588 ris
134 2542 231 2610 33333
251 2529 398 2591 nuaram
419 2523 607 2611 3333333333,
630 2545 708 2614 quoe
733 2531 776 2591 est
798 2523 1016 2592 nobilissimo
1004 2542 1039 2591 333
1056 2523 1102 2589 333
1126 2521 1151 2592 ².

113 2619 180 2693 Xll.
205 2615 527 2696 ultramontanos
544 2645 716 2699 arctamur
738 2644 834 2696 33333
859 2647 899 2695 33
922 2645 1032 2696 ulnus:
1053 2644 1118 2696 uon
1141 2643 1189 2693 m-
1293 2659 1303 2680 ε

65 2744 278 2812 3333333333,
295 2744 361 2796 333
379 2745 621 2797 3333333333.
643 2726 758 2796 Sensus
781 2734 838 2796 est:
858 2724 1104 2814 Uniuscuiusque
1126 2746 1194 2816 spa-

65 2826 127 2895 cici
149 2825 337 2896 differentiae
359 2826 392 2897 in
415 2847 447 2897 33
468 2825 675 2897 consideratae
702 2848 797 2916 aeque
820 2837 894 2896 sunt
910 2827 1038 2917 perlecto
1052 2828 1194 2896 essentia-

66 2928 142 2996 liter
164 2926 194 2996 in
217 2927 348 3019 singulis
372 2929 579 3000 inferioribus.
604 2928 682 2998 Nam
704 2929 872 3016 rationale,
897 2951 929 2998 v.
948 2929 1044 3018 g.,'in
1059 2928 1195 2996 333133-

69 3029 242 3099 minatam
265 3040 310 3098 333
333 3030 524 3120 perlectum,
548 3050 640 3118 quam
672 3028 809 3119 idalio,
833 3028 903 3119 quia
927 3049 1034 3098 omnes
1054 3029 1195 3100 homines

69 3138 148 3200 sunt
167 3130 303 3199 eiusdem
326 3131 452 3223 speciei,
477 3151 549 3199 cum
578 3130 707 3200 habeant
728 3133 833 3202 eadem
858 3130 1024 3222 praedicata
1051 3128 1196 3201 essemin-

71 3229 128 3301 tia.
153 3230 257 3322 Neque
290 3233 372 3303 dicas
394 3255 494 3303 unum
523 3233 679 3302 bominem
714 3233 776 3302 alio
799 3231 961 3321 perfectius
994 3232 1194 3322 ratiocinari,

72 3336 205 3423 ideoque
227 3357 326 3404 unum
348 3356 415 3406 3333
436 3333 535 3424 magis
557 3333 752 3419 rationalem,
768 3353 861 3421 quam
884 3331 978 3401 alium
993 3333 1015 3404 ³.
1043 3331 1120 3403 Nam
1144 3355 1197 3404 ro·

73 3439 188 3509 tiemo
208 3459 274 3508 non
297 3449 360 3506 tam
383 3435 533 3526 significat
559 3434 756 3522 retinaculi,
781 3456 875 3523 quam
898 3434 1046 3504 rationem
1070 3435 1193 3524 babere,

77 3562 144 3631 scu,
166 3541 268 3611 aniana
290 3539 429 3610 rationali
450 3558 516 3607 3333
540 3537 728 3626 praeditum·²
753 3536 783 3605 id
806 3537 888 3625 quod
911 3535 1075 3626 aequaliter
1097 3538 1198 3608 omni·

75 3645 137 3718 bus
157 3643 321 3734 conuenit,
344 3642 397 3733 qui
419 3639 552 3712 bominis
589 3639 713 3711 nominc
739 3648 914 3710 censentur.
952 3637 1030 3708 Hinc
1051 3659 1079 3708 3.
1115 3638 1198 3709 Tuo·

111 3901 492 3984 ι)133131311833333,Ι]333
512 3896 655 3972 111,th
673 3910 701 3954 a
720 3892 835 3954 daut.

111 3999 213 4070 ²le
240 3993 406 4067 disppw
431 4005 481 4047 uo.
501 3987 622 4060 Dosa
641 4000 703 4058 33.,
713 3997 741 4041 3.
764 3976 901 4040 73339.
927 3980 990 4039 vid.
1017 3979 1091 4055 l,q.
1113 3981 1195 4054 lna.

71 4085 93 4145 ⁴
110 4081 288 4239 ἑι3131313333
307 4179 364 4222 333
383 4171 426 4221 333
444 4158 559 4219 bomine
578 4156 694 4233 maior,
711 4165 851 4231 quatenus
878 4161 921 4217 est
939 4156 1028 4222 homo
1048 4167 1085 4225 ις
1103 4149 1194 4209 Clean.

79 4261 176 4335 Alam,
197 4257 319 4331 strom,
337 4253 388 4312 lib.
409 4247 445 4327 u,
462 4266 492 4312 3.
515 4245 559 4307 ld.
