2760 4770
124 361 222 440 polesl
244 348 340 419 nimis
365 346 466 435 333333,
491 347 542 414 sed
566 355 715 435 quamum
739 344 775 412 ud
800 364 833 412 eu
852 363 975 432 ,quae
999 341 1137 413 confidit
1158 342 1249 431 aliquis

125 454 318 545 adeplulffum
343 459 440 540 polest
461 469 525 517 esse
549 449 590 515 ibi
613 447 774 536 medium,
799 455 829 514 el
852 458 1028 531 33333333,
1059 446 1093 512 33
1117 457 1249 534 3333333333

127 559 172 624 331
197 553 361 651 praesumit
383 574 429 639 33,
454 570 532 640 quae
556 561 628 618 sunl
651 570 744 640 supra
767 549 1249 638 33333333333333333,331313

127 666 227 747 spemt
247 657 285 727 de
309 654 369 742 3333,
394 673 471 743 quae
494 661 567 723 suut
589 638 646 722 sibi
670 651 927 740 proportionum¹
958 676 990 734 3,
1018 653 1071 719 331
1095 650 1184 719 elium
1202 669 1249 738 per

42 828 46 833 .
127 760 264 829 33333333
287 758 411 826 viuues
433 756 646 845 lbeelopieue
634 775 667 823 333
689 755 788 823 medio
810 752 994 822 3333333333
1012 753 1041 842 ²,
1061 764 1247 842 quatenuse

124 861 289 931 xereeudue
312 871 384 944 sunl
406 859 576 926 seeundum
593 877 769 925 mensuram
784 852 985 926 condiliouis
990 868 1139 941 ualume,
1160 865 1188 922 el
1201 874 1248 921 uu·

125 963 180 1032 slei
204 962 318 1053 ingenii
341 959 430 1047 33333,
456 980 520 1029 333
542 981 614 1029 uem
635 957 734 1029 nimiu
753 970 876 1046 eoualu,
900 959 984 1026 33133
1008 970 1050 1027 ul
1074 977 1183 1047 coi-pus
1197 958 1248 1024 333-

126 1066 240 1152 33333,
263 1075 317 1137 aul
340 1061 474 1133 nimium
496 1062 682 1135 debilitetur.
707 1061 873 1151 Siquidem,
906 1062 1014 1131 aiente
1040 1083 1071 1131 s.
1099 1060 1247 1147 Beuumdu,

127 1188 240 1236 ecum
263 1169 385 1236 nullum
408 1166 515 1251 smem,
541 1166 587 1232 vel
611 1165 777 1233 lermiuum
804 1165 916 1233 33333333
940 1163 1061 1232 debeat
1084 1162 1202 1232 devuliu
1220 1181 1246 1227 3-

122 1269 247 1358 mande,
272 1279 372 1337 lumen
397 1266 544 1336 lermiuos
565 1285 638 1334 suos
659 1278 691 1336 el
712 1268 797 1354 dues,
826 1278 856 1334 el
880 1268 1017 1366 regulus·
1037 1267 1154 1335 habere
1173 1264 1247 1333 debet

6 1440 9 1445 ,
125 1371 204 1440 aelio
226 1369 406 1461 opemnlis³
427 1394 458 1436 3.

143 1504 146 1509 ,
174 1472 214 1540 X.
240 1473 387 1543 lluumuu
411 1490 511 1557 uum,
536 1488 602 1539 3333
625 1488 787 1540 33333333
801 1468 828 1535 ⁴.

142 1616 146 1621 -
174 1574 227 1642 Xl.
255 1575 435 1661 Vuuuums,
460 1588 523 1644 suu
546 1592 738 1658 3333333333,
764 1591 822 1641 usp
846 1592 901 1641 um
917 1592 1086 1643 33333333.
1113 1571 1196 1653 Quod
1217 1570 1247 1640 33

127 1678 296 1770 explicatur
317 1697 335 1745 3
358 1676 528 1766 Seraphyeo
552 1675 691 1744 beclem:
725 1697 740 1740 3
766 1675 956 1763 Dicendum,
994 1679 1089 1766 quod
1114 1677 1248 1768 appellus

128 1779 311 1868 absolutus,
336 1789 367 1847 el
389 1778 571 1846 deliberatus
593 1786 638 1846 esl
662 1775 706 1845 333
737 1775 862 1846 unibilis
885 1788 915 1845 el
940 1780 1130 1868 possibilis,
1154 1794 1183 1848 el
1204 1779 1248 1847 isle

129 1891 176 1958 esl
199 1882 348 1972 appellius
382 1903 454 1950 eum
478 1879 630 1969 eligenda.
668 1879 724 1948 Sed
748 1878 897 1971 appellius
926 1882 1120 1970 3383313333,
1144 1883 1194 1972 qui
1215 1892 1250 1951 33

132 1982 390 2096 impossibilium,
424 2004 488 2052 uon
511 1982 622 2052 esl1ei
647 1983 773 2053 unibilis
803 1983 975 2053 seeundum
999 1985 1189 2074 3333133333
1210 1984 1251 2055 sed

134 2083 177 2152 333
200 2106 277 2174 quae
299 2085 507 2174 desideraluu,
532 2085 613 2156 33333
634 2084 745 2175 uliquis
772 2088 883 2176 appelit
905 2106 973 2155 esse
996 2090 1094 2157 uelox
1118 2089 1196 2161 sieul
1214 2088 1251 2156 bi·

131 2188 244 2273 333333,
269 2197 300 2256 33
324 2185 478 2256 similia..
497 2186 555 2257 Si
580 2197 683 2256 lamen
705 2187 815 2276 aliquis
836 2188 1012 2278 3333333333,
1040 2195 1133 2307 quod
1156 2190 1251 2283 appelit

127 2285 282 2356 voluntale
303 2287 471 2378 3339333333,
496 2288 653 2358 fatendum
677 2299 723 2358 esl
726 2289 833 2378 ,quud
856 2289 1005 2360 iudieium
1030 2293 1106 2363 eius
1128 2308 1173 2363 esl
1195 2314 1249 2383 per·
1288 2326 1290 2335 ·

132 2407 269 2479 versum,
294 2389 358 2461 3333
380 2390 551 2461 aestimatio
574 2392 681 2461 sallem
705 2391 875 2478 iplelleelus
897 2393 1036 2483 practici,
1065 2417 1134 2486 quo
1156 2397 1250 2466 iudicul

131 2509 164 2565 se
186 2493 223 2559 ad
247 2467 321 2563 illud
356 2515 445 2584 posse
476 2494 652 2584 3333333333,
688 2494 828 2583 quumvis
862 2493 1011 2616 iudicium
1043 2498 1248 2589 speculaliuuis

127 2593 224 2664 dielel
237 2595 432 2665 eonluuium
449 2597 497 2664 53.

140 2696 243 2770 Xll
271 2698 442 2770 llouuums
466 2720 507 2771 33
530 2720 750 2772 3333333333
776 2720 813 2770 su
829 2719 964 2771 3333333
988 2720 1247 2776 3333333333.

132 2801 272 2892 Nempe,
312 2813 421 2871 mutua
444 2816 489 2873 esl
511 2802 637 2874 reflexio
665 2803 836 2874 intellectus
859 2805 1001 2874 inactus
1024 2810 1203 2896 volunlulis,
1223 2820 1246 2878 el

130 2905 297 2973 3333333333
320 2905 352 2974 33
375 2917 462 2978 aelus
485 2907 668 2977 3333333333.
686 2907 810 2977 illenim
826 2911 978 2997 33333333,
1004 2910 1139 3002 eiusque
1161 2923 1244 3000 33333,

127 3017 159 3076 el
181 3005 347 3094 obieelum,
373 3017 464 3096 prout
486 3017 559 3077 sunl
581 3010 729 3098 quaedam
753 3009 834 3080 euliu
849 3020 881 3080 el
895 3015 1154 3097 vem,eommuui
1176 3015 1246 3084 ubie-

128 3118 180 3178 elo
203 3108 372 3180 inlelleelus
393 3109 601 3198 couliuenluu,
632 3110 744 3202 quippe
767 3113 850 3203 quod
870 3133 963 3182 omne
986 3133 1074 3203 eus,
1104 3129 1192 3208 prout
1210 3126 1248 3187 esl

130 3233 250 3301 verum,
267 3221 313 3283 est
341 3211 495 3281 obieclum
526 3213 707 3286 inlelleclus.
734 3214 887 3304 Vicissim,
918 3215 1110 3308 inlelleclus,
1134 3222 1247 3308 eiusque

128 3324 223 3403 aetus,
248 3323 279 3385 el
301 3312 466 3397 obiectum,
492 3325 583 3404 prout
611 3319 758 3406 quaedum
774 3317 854 3387 enlia
868 3325 899 3388 el
921 3317 1002 3386 33333
1025 3331 1116 3409 sunl,
1142 3321 1246 3391 ubieelu

126 3416 287 3492 communi
309 3418 475 3489 3313333333
497 3420 704 3509 eontinentur,
721 3420 793 3512 quia
808 3441 899 3491 omne
922 3442 989 3511 em,
1016 3435 1113 3513 pmut¹
1136 3436 1181 3496 esl
1200 3427 1245 3497 be

124 3541 214 3612 uum,
239 3529 286 3594 esl
308 3521 461 3593 obieelum
485 3520 651 3594 voluntatis
668 3525 693 3591 ⁶.

615 3637 759 3709 uluis

159 3812 316 3888 ’8)21833,
335 3834 364 3890 q.
383 3814 468 3888 xvu,
490 3813 656 3876 mbad2.

139 3898 902 3975 ·²)Qq.uupp.,veVirtut.,q.lv,a.1au⁷.
987 3930 990 3935 ·

139 3996 143 4007 “
166 3975 191 4056 ³)
210 3985 305 4043 833333.
324 3987 367 4044 ad
386 3987 526 4059 Fratres,
546 3984 589 4044 De
608 3988 706 4048 313333
725 3990 790 4048 Del.

137 4094 141 4100 ·
170 4071 195 4140 ⁴)
213 4069 276 4128 llld
296 4071 398 4143 Ipnoll
413 4072 497 4130 nulla
513 4072 632 4144 cupido,
653 4089 681 4144 p
706 4071 801 4131 178.

169 4154 243 4226 ⁵)ln
263 4153 314 4210 lib.
335 4154 475 4298 lp,
378 4154 475 4230 Sem,
493 4156 562 4214 Disl.
584 4155 691 4233 lll,p.
712 4159 735 4230 l,
755 4173 782 4216 3.
802 4156 874 4231 l,q.
896 4152 926 4212 11
948 4159 989 4219 ad
1009 4177 1083 4240 arp.

166 4238 192 4315 ὅ)
212 4238 275 4298 viu.
294 4256 325 4314 p.
353 4236 392 4299 ’8.
