2760 4770
189 356 270 422 liouo
290 357 432 445 propriu,
457 354 520 422 sivo
542 354 705 443 dialectico,
732 374 795 424 non
818 356 856 425 de
877 357 1126 445 aequivocatione
1144 358 1272 449 physico
1284 358 1305 429 ¹.

234 455 300 526 Xll.
327 456 464 526 mmmm
487 477 528 525 uu
552 476 686 527 immun
709 478 816 527 uuum
847 476 905 529 usu
930 476 1119 531 munuumo
1136 458 1164 527 ².

237 556 318 624 Xlll.
343 556 488 629 luuuuiuo
511 577 576 628 uou
605 579 665 627 usu
689 576 819 634 umuuuo
842 578 952 627 umus,
969 557 1100 651 Nempe,
1120 561 1234 651 nequit
1253 564 1310 633 dmi

192 660 348 729 infinitum
371 660 469 729 maius
492 660 551 728 olio
573 660 710 743 infinilo3
735 681 807 729 num
831 662 855 728 si
880 661 1034 731 infinitum
1056 663 1099 731 ub
1114 663 1311 736 aliouxuude-

192 775 287 849 relus,
313 762 370 830 ium
394 783 455 830 non
479 764 641 852 attingeret
663 763 811 831 rollonem
835 762 969 845 infiniti,
995 765 1025 833 in
1050 785 1117 854 quo
1133 787 1192 836 neo
1208 767 1311 859 muffi‘s,

193 887 248 934 neu
265 867 368 934 minus
384 865 509 954 intelligi
527 877 639 956 polest.
657 865 735 944 Quin
760 867 856 934 immo
879 867 1036 954 infinitum
1059 888 1120 938 neo
1143 868 1239 939 elium
1262 870 1312 938 sibi

193 968 316 1056 aequale
338 967 481 1048 aumiuiu
505 969 575 1057 quia
599 969 624 1036 si
646 969 769 1057 duplex,
796 970 840 1036 vol
864 968 1023 1058 mulliplox
1046 980 1143 1058 esset,
1171 971 1237 1040 ium
1258 992 1312 1042 nou

133 1056 137 1063 ’
195 1080 274 1139 esset
308 1069 485 1138 omnimode
507 1071 688 1152 iusmilum3
714 1071 784 1139 hinc
806 1092 868 1139 uun
893 1083 989 1159 polest
1011 1093 1076 1142 essu
1109 1072 1171 1145 nisi
1206 1094 1310 1144 unum.

195 1173 259 1240 Hoc
281 1173 406 1241 illalum
431 1192 502 1240 voro
524 1173 756 1262 intelligendum
781 1184 827 1242 usl
850 1172 888 1240 de
910 1172 1032 1243 infinito
1054 1179 1310 1263 culeuoremuliou

194 1276 276 1363 quod
300 1286 346 1343 osl
369 1276 513 1344 omnibus
551 1278 651 1345 modis
677 1275 846 1345 infinitum.
882 1275 987 1356 Quoad
1018 1288 1127 1347 aulem
1161 1277 1310 1349 infinilum

195 1380 497 1466 syuculeyouemuliue
524 1380 547 1465 ³,
583 1379 683 1467 ipsum
708 1380 765 1445 lale
789 1398 853 1446 non
876 1390 922 1448 est
944 1378 1088 1450 omuibus
1125 1381 1231 1449 modis
1253 1380 1310 1450 iufi-

196 1480 322 1563 nilum,
340 1491 370 1547 el
393 1481 423 1546 in
446 1479 531 1548 omui
546 1480 664 1565 ordine,
689 1480 741 1546 sed
758 1499 822 1548 uno
839 1489 958 1548 luulum
981 1481 1191 1551 delorminulo
1216 1484 1307 1571 modu,

195 1596 227 1652 ol
243 1584 273 1650 iu
291 1603 353 1650 uno
368 1582 598 1670 ordinumque
620 1592 665 1650 est
687 1582 856 1650 substantia
880 1583 1039 1671 quaedam,
1063 1584 1117 1652 sod
1141 1582 1254 1653 occidit
1272 1604 1309 1652 u-

197 1688 277 1772 lus,
302 1703 380 1772 quue
401 1685 546 1750 dicuntur
569 1682 717 1765 infinitum
744 1682 938 1771 multiplicari
966 1704 1040 1773 ergo
1062 1695 1167 1772 polest
1186 1739 1196 1773 ,
1222 1685 1309 1755 haum

197 1789 315 1856 mlionu
337 1785 488 1868 subiecti,
505 1785 588 1874 quod
611 1785 842 1876 multiplicalur.
868 1785 904 1855 Ε.
923 1809 969 1876 g.‚
986 1804 1154 1875 possumus
1172 1786 1309 1877 intellige·

196 1916 230 1961 ru
254 1894 353 1982 plures
377 1892 496 1978 linens,
520 1912 596 1980 quau
619 1890 680 1960 sinl
704 1891 840 1961 iuimilno
863 1894 1032 1962 secuudum
1061 1893 1307 1983 longitudinem,

196 1994 330 2064 infinitus
353 1994 444 2063 serius
467 2013 669 2062 numerorum
700 1994 817 2082 pouium
841 2006 873 2063 el
895 1995 1087 2083 impurium,
1114 1996 1256 2068 infinum
1274 2018 1308 2069 se·

197 2096 257 2165 ries
279 2096 442 2164 oliuoluum
467 2094 656 2184 possibilium
680 2094 710 2162 in
735 2114 917 2186 unoquoquo
938 2117 1042 2185 musa,
1066 2099 1193 2167 infinilu
1218 2098 1308 2168 indiui-

197 2203 258 2270 duo
282 2200 435 2290 possibilia
459 2203 490 2270 in
515 2222 695 2289 unoquoquo
718 2203 816 2291 specie
838 2213 896 2271 elo.
916 2203 1004 2293 llum,
1022 2203 1208 2276 huiusmodi
1225 2204 1310 2275 infini-

199 2320 266 2376 lum
290 2308 322 2374 in
345 2327 382 2375 eo
404 2306 527 2394 quidum
551 2305 668 2392 urdine,
694 2305 725 2373 in
748 2326 811 2396 quo
833 2318 879 2375 esl
903 2308 1069 2397 infinitum,
1097 2310 1178 2379 nihil
1204 2308 1308 2381 unbem

201 2409 325 2490 muius;
350 2420 381 2477 ul
403 2408 520 2478 nullone
544 2407 668 2477 subiecti
692 2407 817 2476 maionis
842 2410 953 2498 pulerit
974 2410 1086 2478 hubone
1109 2411 1200 2483 uliud
1224 2409 1310 2483 imd

201 2523 279 2599 lum,
303 2512 385 2601 quod
410 2510 476 2600 ipso
498 2510 538 2581 sil
561 2511 659 2578 maius
683 2508 714 2576 iu
739 2507 797 2576 ulio
820 2509 937 2578 oudino.
961 2511 1147 2601 Exemplum
1174 2536 1193 2583 u
1218 2534 1311 2585 numu

200 2616 242 2685 uis
265 2614 382 2683 desumi
407 2624 515 2701 pulesl.
541 2612 618 2680 Num
643 2612 755 2701 species
784 2634 985 2681 uumououum
1009 2614 1129 2702 parium
1154 2628 1235 2686 sunl
1255 2614 1311 2685 inu-

191 2706 290 2801 'nilau
315 2726 346 2782 ol
368 2713 506 2784 simililer
529 2716 641 2801 specius
664 2731 864 2780 numerorum
890 2714 1063 2802 impurium
1080 2728 1113 2784 ol
1137 2726 1245 2788 lumen
1265 2738 1312 2787 uu·

199 2816 274 2886 muri
300 2836 385 2907 purus
406 2827 438 2884 ol
461 2816 591 2905 impuros
614 2823 688 2881 sunl
711 2815 1034 2905 plui·m,quuinpu1·es.
1052 2816 1174 2906 ltaque,
1193 2820 1312 2889 siouuu·

200 2922 296 2992 cludit
317 2942 344 2991 s.
368 2920 525 2988 Thomas:
557 2940 571 2981 u
597 2915 765 2984 llioondum
790 2926 857 3003 ost,
892 2919 973 3006 quod
999 2917 1121 2988 infinito
1144 2920 1312 3011 simpliuilu

199 3027 300 3113 quood
323 3024 438 3108 omniu,
464 3021 639 3111 simplioilou
661 3017 736 3085 nihil
759 3029 803 3086 est
829 3018 939 3088 muius:
958 3019 1077 3087 infinilu
1090 3030 1200 3092 mutem
1215 3042 1311 3094 secuu-

201 3128 278 3195 dum
301 3125 412 3213 uliquid
436 3121 671 3192 dulouminulum
695 3140 758 3188 nou
779 3131 826 3188 ost
854 3124 955 3192 maius
977 3122 1009 3190 iu
1033 3121 1086 3191 illo
1108 3124 1234 3219 ordinm
1258 3136 1313 3217 pul·

201 3242 248 3297 usl
271 3239 372 3295 lumen
396 3226 488 3313 accipi
513 3222 624 3313 aliquid
649 3223 747 3289 maius
769 3236 854 3291 uuum
878 3222 964 3292 illum
987 3225 1129 3295 ordinem
1145 3225 1207 3296 ⁴».
1232 3226 1270 3297 u
1288 3250 1314 3296 u·

201 3332 268 3399 libi:
299 3329 456 3396 ulnfinilo
479 3346 541 3394 non
563 3335 608 3394 osl
630 3324 743 3411 aliquid
770 3323 867 3393 unius
891 3323 923 3393 in
946 3326 998 3394 illu
1031 3326 1169 3417 ordine,
1195 3340 1315 3422 quoesl

205 3433 370 3518 infinilum,
394 3431 444 3498 sed
469 3428 637 3497 secuudum
662 3426 755 3495 ulium
779 3427 917 3495 oudinum
946 3428 1018 3497 nihil
1044 3430 1192 3519 prohibet
1214 3429 1315 3521 aliquid

203 3556 268 3604 osso
290 3534 373 3603 uliud
395 3531 494 3600 muius
516 3528 659 3608 iulinilo;
695 3526 784 3596 siculi
820 3527 940 3597 numeu'
973 3550 1058 3618 parus
1082 3542 1161 3601 sunl
1185 3532 1315 3619 insimili,

201 3648 232 3707 ol
254 3648 357 3705 lumen
381 3634 501 3703 numeri
525 3651 611 3720 puros
634 3640 664 3701 el
688 3630 819 3719 impurus
848 3631 942 3700 simul
973 3633 1088 3725 uooepli
1123 3648 1204 3708 sunl
1227 3638 1317 3731 pluo

203 3740 341 3809 numods
365 3732 485 3827 polibus
500 3738 546 3801 ⁵».
1265 3736 1268 3741 ’

245 3987 268 4059 ¹)
289 3988 328 4044 De
347 3987 390 4043 his
409 3987 465 4043 vid.
486 4003 512 4056 p.
536 3984 660 4053 lum-2)
680 3984 742 4040 vul.
763 3984 815 4042 liu.
838 3986 870 4044 P.

242 4071 265 4139 ³)
284 4072 323 4128 De
346 4074 387 4128 his
407 4073 524 4127 vocibus
544 4072 599 4127 uid.
620 4087 647 4140 p.
660 4068 706 4125 56.

239 4160 263 4224 ⁴}
281 4159 310 4229 u,
329 4178 357 4230 q.
378 4161 415 4230 X,
433 4175 461 4215 u.
481 4157 497 4214 3
516 4159 552 4214 ud
571 4155 599 4215 3.

241 4246 266 4317 ⁵)
285 4244 420 4321 Quodlib.
440 4243 489 4317 ΙΧ,
509 4260 537 4317 q.
562 4240 584 4316 Ι,
603 4258 631 4303 u.
652 4238 665 4299 l
686 4240 722 4298 ud
742 4238 772 4297 1.
