2760 4770
126 372 270 458 operatio}
295 384 342 444 est
364 384 450 445 actus
473 377 609 467 perlecti,
627 379 679 449 sed
704 388 807 448 motus
829 387 974 452 estactus
992 372 1171 472 imperfecti,
1188 381 1263 473 quia

129 469 290 543 existentis
313 475 345 545 in
368 477 503 567 potentia
526 477 539 518 ⁴
564 501 594 548 t.

179 572 257 646 thl.
285 575 396 651 Morus
433 598 645 652 accnarrours
661 616 705 630 -
721 594 935 654 occanrrou'rs
949 604 1256 655 -ucrcuarroms

132 673 235 742 Motus
255 681 431 750 corretionis
451 691 481 751 et
503 682 680 750 decretionis
713 692 848 770 spectant
869 685 907 751 ad
938 685 1149 775 quantitatem,
1167 697 1260 776 prout

131 776 209 846 haec
232 793 383 870 angetur,
407 785 455 852 vel
482 783 648 855 minuitur.
690 783 789 854 Motus
811 785 997 855 alterationis
1018 787 1139 878 respicit
1160 787 1259 881 quali·

128 888 239 969 tutem,
261 905 339 972 quae
361 884 564 970 immutatur;
589 896 625 955 ut
647 909 719 956 cum
747 909 798 956 aer
819 909 855 958 ex
879 889 980 959 lucido
1004 890 1040 958 fu
1062 891 1253 963 tenebrosus.

133 978 231 1052 Porro
251 985 402 1074 alteratio,
420 986 445 1056 si
469 988 634 1079 accipiatur
656 991 870 1076 communiter,
887 1000 978 1079 prout
992 1011 1101 1080 nempe
1117 991 1259 1061 consistit

132 1078 168 1149 in
192 1086 325 1171 qualibet
348 1087 514 1158 variatione
531 1089 610 1158 circa
627 1089 830 1180 receptionem
852 1090 980 1159 alicuius
1002 1093 1164 1182 qualitatis,
1191 1104 1259 1182 pot·¹

131 1192 181 1252 est
203 1184 293 1254 etiam
328 1191 474 1260 creaturis
511 1212 585 1280 pure
608 1192 863 1261 intellectualibus
890 1192 1080 1276 convenire;
1108 1206 1139 1262 at
1162 1195 1186 1264 si
1209 1215 1257 1263 ao·

132 1285 249 1375 cipitur
268 1295 415 1383 prepete,
441 1307 532 1385 prout
554 1294 691 1364 abicitur
713 1295 826 1384 aliquid
853 1316 871 1362 a
894 1295 1061 1364 substantia
1083 1317 1120 1366 ex
1142 1298 1259 1367 anime

129 1393 279 1460 corrtrurii
301 1396 547 1483 tructemuterotis,
576 1418 591 1460 e
615 1415 679 1464 nou
706 1406 752 1468 cst
774 1395 832 1466 nisi
855 1395 934 1466 circa
958 1396 1109 1466 sensibilia
1124 1409 1156 1468 et
1178 1398 1257 1469 eirca

132 1491 307 1563 sensibilem
331 1504 447 1582 partem
471 1497 589 1564 animae
612 1517 734 1585 perse,
764 1506 795 1565 et
817 1495 897 1566 circa
920 1496 1105 1567 intellectum
1130 1521 1184 1591 per
1201 1522 1256 1571 nc·

133 1591 250 1682 cidens,
274 1606 424 1684 quantum
447 1598 484 1665 ad
508 1597 572 1666 illas
598 1601 784 1688 qualitates,
808 1621 885 1689 quae
909 1599 942 1669 in
966 1612 1049 1692 parte
1072 1600 1255 1672 intellectiva

133 1716 174 1765 cx
197 1697 337 1769 sensibus
360 1699 514 1788 oriuntur,
538 1701 617 1770 sicut
639 1713 711 1771 sunt
733 1723 841 1773 omues
863 1702 984 1771 babitus
1007 1702 1144 1792 acquisiti
1168 1702 1217 1775 ²».

174 1796 265 1868 xvtt.
292 1800 404 1873 Morus
430 1823 645 1876 suecessrvus
664 1842 705 1858 —
718 1803 829 1875 Morus
846 1823 1105 1876 1usrnnreucus.
1123 1803 1253 1892 Eorum,

128 1921 208 1991 quae
230 1904 396 1994 acquirunt
428 1906 561 1994 aliquam
587 1906 742 1994 termam,
777 1917 806 1975 et
831 1915 986 1976 transeunt
1020 1926 1037 1974 e
1061 1904 1256 1996 potentiani

129 2013 246 2091 actum,
270 2007 417 2095 quaedam
442 2007 471 2074 id
494 2019 727 2098 consequentur
747 2017 904 2076 memento
927 2007 1084 2096 temporis,
1101 2006 1158 2076 alia
1182 2026 1255 2077 rere

129 2106 276 2197 paulatim
299 2117 330 2176 et
354 2131 408 2199 per
430 2111 554 2207 gradus.
589 2109 626 2180 Ε.
652 2132 697 2200 g,
722 2131 785 2196 aer,
810 2120 880 2180 orto
902 2111 976 2197 sole,
995 2117 1154 2178 momento
1177 2118 1256 2179 tem-

130 2209 215 2300 poris
238 2210 274 2277 fit
296 2212 440 2302 lucidus,
466 2212 627 2300 liguume
655 2211 806 2282 contrario
841 2211 986 2300 paulatim
1016 2213 1126 2280 calefit.
1152 2208 1254 2278 Prima

127 2312 259 2381 mutatio
281 2324 407 2384 uocatur
437 2323 537 2385 meten
557 2318 792 2399 instantanees;
824 2324 974 2403 quatenus
1001 2336 1015 2379 a
1042 2313 1193 2382 terminus
1214 2310 1257 2380 oet

127 2435 220 2503 quem
244 2425 375 2485 nonest
399 2416 552 2485 mediatus
583 2415 716 2484 termino
737 2437 758 2483 o
779 2436 838 2504 quo
856 2439 885 2496 u,
910 2418 1004 2483 altera
1028 2421 1127 2482 motus
1141 2432 1255 2481 succes·

128 2518 224 2604 siens,
241 2527 391 2605 quatenus
418 2545 432 2582 a
459 2519 611 2586 terminus
648 2529 753 2587 motus
775 2528 821 2586 cst
844 2518 993 2586 mediatus
1017 2518 1164 2608 principio
1187 2535 1254 2583 me-

129 2632 180 2686 tus
205 2618 216 2657 ³
243 2643 274 2688 u.
299 2618 420 2705 Porro,
445 2618 515 2686 licet
536 2625 637 2687 motus
666 2615 804 2687 definitio
832 2619 923 2709 paulo
943 2627 1013 2701 aute
1045 2620 1133 2687 allata
1155 2614 1255 2706 magis

129 2719 254 2809 proprie
276 2721 435 2787 conveniat
465 2719 563 2788 motui
587 2719 777 2809 successivo,
811 2730 912 2788 tamen
935 2719 1023 2788 etiam
1049 2718 1182 2788 motibus
1205 2719 1254 2785 in-

127 2823 297 2889 stertoneis
318 2821 538 2891 accommodari
563 2831 670 2909 potest.
703 2820 825 2891 Etenim
850 2820 882 2888 in
904 2821 952 2890 his
974 2820 1066 2889 etiam
1088 2821 1250 2910 distingui-

128 2942 200 2989 mus
223 2922 301 2991 duos
323 2935 431 3011 status,
456 2925 579 3012 duoque
601 2922 756 3011 instantia,
780 2945 844 2992 non
868 2924 992 3012 quidem
1018 2921 1173 3010 temporis,
1197 2922 1250 2991 set

125 3033 271 3114 antiocus,
295 3029 408 3096 scilicet
429 3050 541 3116 unum,
566 3027 597 3095 in
620 3047 683 3118 quo
707 3025 804 3096 lorma
825 3026 995 3116 concipitur
1010 3027 1088 3112 fieri,
1105 3027 1248 3112 alterum,

125 3128 161 3195 in
184 3149 248 3216 quo
269 3128 440 3218 concipitur
475 3130 562 3199 lactu.
588 3128 632 3196 lta
656 3127 688 3196 in
711 3126 905 3218 generatione
934 3125 1068 3196 bominis
1089 3126 1252 3218 distingui·

125 3251 199 3298 rnus
223 3252 319 3299 unum
344 3231 459 3301 instans
481 3241 632 3318 naturae,
673 3231 705 3298 in
729 3251 788 3321 qua
817 3230 942 3298 materia
970 3229 1098 3319 acquirit
1120 3230 1251 3299 lormam

123 3331 272 3414 bominis,
297 3332 390 3422 aliud,
416 3334 445 3402 in
467 3344 599 3424 quaest
621 3333 678 3402 sub
701 3333 765 3423 ipsa
794 3333 902 3405 torma.
930 3332 995 3402 Nisi
1011 3333 1104 3422 quod,
1123 3355 1251 3406 menen·

124 3450 155 3506 te
180 3459 207 3506 s.
232 3437 360 3526 Tboma,
386 3440 418 3507 in
443 3438 676 3525 mutationibus,
698 3459 779 3527 quac
801 3438 946 3507 dicuntur
973 3436 1194 3524 instentueteee,
1218 3450 1267 3506 ο-·“

123 3550 228 3629 portet
251 3540 375 3630 quidem
404 3565 418 3606 t
444 3563 508 3611 esse
531 3561 680 3610 annexam
704 3538 937 3625 successionem,
955 3558 1027 3606 cum
1052 3546 1172 3607 constet
1187 3558 1252 3607 nra-

123 3641 235 3713 tertam
260 3664 334 3711 nou·
356 3642 448 3711 simul
471 3665 537 3715 esse
565 3642 623 3712 sub
647 3643 770 3727 torma,
801 3651 831 3708 et
855 3640 1049 3731 privatione,
1074 3660 1130 3709 nec
1153 3659 1253 3709 aerem

119 3765 192 3814 esse
214 3745 305 3814 simul
328 3746 387 3813 sub
407 3748 474 3815 luce
496 3756 526 3814 et
552 3745 706 3814 tenebris:
733 3742 802 3812 Non
832 3752 935 3811 autem
970 3745 1011 3810 ita
1033 3743 1115 3831 quod
1138 3742 1250 3830 exitus,

118 3846 171 3914 vel
196 3845 342 3918 transitus
366 3848 404 3918 de
427 3868 490 3918 uno
513 3856 650 3918 extremo
681 3843 719 3913 in'
736 3843 819 3915 aliud
842 3842 895 3913 liat
920 3852 1080 3935 tempere,
1105 3843 1156 3912 sed
1180 3845 1251 3914 alte-

163 4077 188 4147 l)
208 4078 237 4135 ln
258 4081 306 4139 lib.
328 4083 337 4137 Ι
357 4083 450 4154 Sene,
470 4082 538 4141 nist.
560 4034 607 4152 lll,
626 4101 654 4154 q.
675 4081 698 4152 l,
717 4079 779 4137 Μ
800 4081 837 4138 nd
859 4079 884 4139 l.

160 4165 184 4223 ἰ
206 4164 296 4236 ltro,
318 4165 386 4223 [list.
407 4167 490 4237 xvtt,
510 4185 539 4238 q.
561 4167 595 4238 ll,
615 4183 643 4221 n.
666 4164 677 4220 l
699 4166 736 4220 ad
754 4161 782 4218 t.

163 4246 184 4321 ³)
208 4249 296 4320 ibid„
318 4249 386 4309 [list.
409 4249 545 4325 xxxta,
564 4269 592 4322 q.
616 4248 665 4327 lV,
682 4264 709 4308 a.
729 4246 746 4303 3
764 4248 821 4305 sol.
