2760 4770
125 368 344 456 supernaturali
368 367 482 438 auxilio
504 368 616 457 adiuta,
641 369 791 457 attingere
807 378 915 456 εειεει.
933 367 1107 437 Obieetum
1129 383 1248 458 propar-

127 474 298 556 tr'onatam,
323 479 414 558 prout
436 472 590 538 cateraiao
610 469 801 558 opponitur,
836 468 949 537 dicitur
979 467 1206 552 connaturale,
1226 474 1251 531 et

127 581 173 638 εει
198 570 284 656 illud,
310 569 341 636 in
363 568 446 658 quod
471 569 603 659 potentia
626 570 697 638 lerai
722 581 820 658 potest
835 569 948 656 absque
971 568 1094 637 auxilio
1117 566 1249 654 superad-

125 671 200 739 dito.
229 671 264 740 E.
280 692 326 759 g,
353 671 404 738 [lei
428 669 564 760 cognitio
592 672 773 740 abstractiva
793 672 830 739 ad
860 671 1016 740 obiectum
1042 666 1248 746 coronaturos

125 768 272 842 intuitiuo
293 772 330 839 ad
355 770 506 840 obiectum
532 773 722 841 catenularum
747 771 917 841 intellectus
939 770 1038 841 creati
1067 770 1209 860 pertinet.

173 873 222 940 vt.
248 873 412 943 Oaracruu
428 872 886 943 aururnurrours—Oarucruu
906 892 1136 944 a'rrnrau‘ruu.
1153 870 1246 940 Obiec-

125 984 192 1040 tum
216 975 419 1043 alludat-ionis
442 974 553 1041 dicitur
576 973 663 1060 illud,
680 976 717 1041 ad
736 973 823 1044 ouius
845 975 1059 1063 cognitionem
1082 986 1244 1043 ceterorum

124 1074 313 1143 obiectorum
336 1076 526 1162 cognitiones
541 1077 732 1162 ordinantur,
749 1074 921 1144 cairrsmodi
936 1085 984 1144 est
998 1075 1087 1146 [leus
1104 1074 1134 1142 in
1158 1073 1245 1142 Theo-

127 1176 220 1267 logia.
245 1176 402 1245 Oliiectum
425 1177 606 1246 attributam
629 1177 741 1244 dicitur
764 1176 861 1264 illud,
884 1176 974 1246 cuius
996 1177 1150 1265 cognitio
1173 1174 1245 1244 ordi·

127 1289 219 1346 natur
241 1280 277 1346 ad
302 1279 506 1366 cognitionem
530 1279 639 1347 obiecti
661 1279 873 1348 attributionis:
898 1279 1084 1349 huiusmodi
1108 1289 1183 1349 suut
1204 1298 1243 1346 res

127 1390 243 1446 creatae
265 1379 297 1446 in
319 1380 424 1448 cadom
447 1381 583 1450 scientia.

172 1480 235 1547 Vll.
259 1480 424 1553 (iaruman
447 1482 864 1554 urrunnun-Ourncruu
892 1501 1060 1552 ronusuu.
1095 1481 1241 1551 Οόίεειεε
1281 1482 1283 1509 ¹

126 1584 282 1653 oratoriolo
303 1595 349 1653 εει
372 1606 406 1653 ea
431 1604 491 1670 res,
515 1585 594 1654 eirea
616 1607 709 1674 quam
733 1584 832 1674 aliqua
849 1583 991 1676 potentia,
1016 1583 1067 1651 vel
1090 1579 1242 1669 disciplina
1281 1528 1283 1625 i

125 1696 275 1754 uersatur.
307 1684 461 1755 obtectam
481 1686 615 1772 farinate
635 1696 681 1754 est
705 1685 792 1771 illud,
811 1683 977 1754 secundum
1000 1684 1090 1772 quod
1114 1692 1242 1772 spectau-

124 1797 186 1872 tur,
212 1797 243 1855 et
265 1788 314 1856 eui
337 1789 522 1857 ordinantur
544 1788 658 1873 omnia,
682 1808 760 1874 quae
775 1787 813 1855 ab
829 1784 928 1875 aliqua
953 1783 1106 1874 potentia,
1135 1783 1182 1851 vel
1202 1781 1240 1849 di·

129 1887 254 1977 scipliua
279 1890 492 1979 respiciuntur,
516 1904 642 1978 seu‚.ut
664 1891 703 1957 ait
727 1911 753 1958 ε.
779 1890 933 1975 Thomas,
958 1897 1004 1956 est
1029 1887 1125 1973 illud,
1155 1885 1242 1954 asub

126 1989 215 2058 cuius
239 1991 356 2063 ratione
379 1993 483 2060 omnia
506 1991 681 2061 reseruntur
704 1993 741 2060 ad
768 1991 944 2081 panuliam,
969 1989 1015 2056 rel
1041 1988 1187 2057 habitum
1202 1987 1238 2052 ἐ.

127 2091 166 2159 E.
191 2113 237 2179 g,
260 2112 371 2181 corpus
394 2095 564 2161 humanum
589 2102 635 2160 εει
657 2093 808 2160 obiectum
845 2089 998 2158 materiale
1020 2088 1202 2171 modiciano,
1222 2087 1241 2155 i·
1280 2074 1283 2153 l

122 2213 213 2283 psum
235 2212 357 2282 corum,
381 2207 533 2283 quatenus
556 2195 738 2281 sanandam,
765 2201 813 2263 est
834 2191 969 2262 eiusdem
995 2191 1073 2259 artis
1096 2184 1240 2260 obtectum

126 2294 267 2381 formale.
293 2294 335 2362 lta
358 2316 479 2384 quoque
502 2297 608 2381 homo,
634 2296 709 2385 lapis
730 2305 790 2362 etc.
816 2302 890 2362 suut
912 2290 1067 2389 obiectum
1094 2287 1241 2359 nataae

128 2396 221 2483 risus,
245 2398 413 2465 coloratum
438 2418 508 2467 vero
530 2408 576 2465 εει
598 2395 663 2464 eius
678 2395 831 2464 obiectum
847 2393 987 2481 farinate,
1012 2392 1087 2482 quia
1117 2415 1132 2456 a
1159 2393 1241 2460 horno

127 2514 158 2571 et
182 2503 257 2591 lapis
280 2502 455 2572 reseruntur
477 2503 513 2569 ad
538 2502 662 2588 visum,
700 2500 731 2567 in
754 2508 905 2588 quantum
934 2507 1008 2568 sunt
1032 2498 1172 2567 colorata
1187 2493 1200 2533 ²
1214 2517 1237 2561 a.

126 2607 177 2674 Vel
200 2608 293 2677 ctiam
316 2607 469 2675 obiectum
498 2606 628 2692 sortiente
649 2616 695 2673 est
718 2602 772 2688 iu,
809 2625 861 2693 per
892 2602 974 2692 quod
997 2623 1046 2672 res
1071 2601 1236 2690 attingitur.

128 2708 164 2778 E.
193 2732 237 2798 g,
261 2710 473 2778 conclusiones
496 2708 528 2775 in
551 2706 672 2776 scientia
700 2717 772 2773 sunt
795 2704 861 2774 eius
884 2704 1039 2773 obiectum
1063 2702 1236 2777 matamala

127 2808 227 2877 media
250 2810 539 2897 demonstrationis,
577 2830 629 2900 per
651 2830 729 2898 quae
757 2805 968 2877 conclusiones
991 2813 1235 2895 cognoscuntur,

105 2922 201 2978 ¹sunt
224 2911 375 2981 obiectum
396 2913 536 3001 samolo:
555 2935 570 2976 a
590 2909 738 2981 Furinalis
772 2911 850 2978 ratio
872 2905 1015 2979 scientiae
1039 2918 1088 2977 est
1111 2904 1238 2975 modium

131 3013 424 3083 ειεεεεεειεειίοείε3
445 3040 474 3084 ε.
512 3013 563 3082 llel
588 3011 717 3101 denique
740 3010 892 3080 obiectum
921 3008 1055 3096 formale
1076 3016 1126 3076 εει
1150 3006 1237 3089 ratio,

128 3126 253 3202 propter
274 3135 366 3202 quam
390 3134 437 3185 res
459 3114 647 3201 atttingitur;
664 3133 693 3180 o.
713 3134 759 3200 g,
776 3111 906 3180 ultimus
928 3109 999 3180 smis
1022 3117 1071 3178 est
1092 3109 1239 3180 obiectum

129 3216 255 3282 formala
276 3225 445 3283 ceterarum
468 3224 641 3282 nostrarum
659 3212 852 3295 volitionum;
879 3211 1001 3279 Bonitas
1015 3209 1073 3280 Dei
1096 3220 1147 3281 εει
1169 3209 1239 3279 obie-

130 3325 214 3383 ctum
237 3317 365 3403 formala
386 3315 498 3386 amoris
521 3337 592 3406 erga
628 3315 740 3404 ipsum.
778 3315 847 3394 Quo
869 3333 962 3384 sensu
983 3312 1139 3381 motiouoo
1162 3311 1240 3381 etiarn

130 3421 270 3509 arprtellari
295 3422 383 3488 solet.

178 3522 254 3590 Vlll.
279 3520 443 3591 Oarecruu
466 3536 549 3597 Quou
563 3519 720 3596 -Qtto⁴.

174 3622 226 3691 tx.
251 3622 412 3693 Oneratas
435 3639 560 3692 sauma
574 3657 617 3669 -
634 3639 675 3688 au
700 3638 824 3689 suriana
838 3620 863 3687 ⁵.

173 3724 211 3794 X.
235 3724 427 3793 (lornant-
451 3720 557 3791 Sorae.
585 3719 636 3788 lllo
674 3720 806 3809 aliquam
831 3738 895 3788 rem
923 3718 1001 3788 scire
1023 3718 1170 3811 dieitur,
1195 3716 1242 3808 qui

167 3973 190 4042 Ι)
209 3973 231 4046 Ι,
250 3991 278 4042 q.
298 3973 320 4041 Ι,
339 3990 368 4031 a.
388 3971 405 4027 7
425 3986 464 4041 ε,
483 3998 518 4015 -
537 3972 560 4041 2)
580 3968 656 4027 1tta.

167 4061 189 4126 3)
210 4061 260 4132 (lo.
282 4061 377 4131 dr'spp.
400 4061 440 4116 Do
463 4060 581 4128 Virmn,
601 4077 628 4129 q.
650 4056 683 4128 tt,
704 4069 731 4112 a.
753 4055 787 4112 tt
805 4057 840 4113 ad
859 4054 887 4111 o.

164 4145 187 4212 ⁴)
207 4145 266 4200 vid.
289 4146 483 4201 oblectamur
502 4146 664 4212 qnod-ut
683 4159 752 4212 orio,
773 4144 823 4198 litt.
846 4143 878 4213 Q.

167 4232 190 4302 5)
208 4230 267 4285 vid.
292 4230 483 4301 Praeceptum
502 4228 707 4296 afflrrraorionm
719 4254 749 4272 -
761 4222 1007 4300 negoriorrmglitt.
1029 4225 1064 4282 P.
