2760 4770
208 395 224 438 ι
248 374 383 453 ‹luorum
413 367 581 436 attenditur
609 367 696 455 ordo,
721 371 767 439 vel
782 362 946 458 'respectus
968 390 1031 437 non
1053 371 1089 436 ad
1112 369 1227 459 aliquid
1250 371 1324 438 alte-

205 498 289 562 rum,
313 476 365 543 sed
390 473 426 540 ad
450 493 549 541 unum
578 474 735 562 ipsorum
759 474 836 542 sieut
857 495 913 543 ons
935 475 971 544 de
994 475 1171 561 substantia,
1195 488 1227 543 et
1248 476 1325 545 acci-

202 577 456 661 dentedicitur,
479 576 647 645 secundum
677 577 758 667 quod
781 579 919 648 accidens
940 579 977 645 ad
998 578 1198 646 substantiam
1224 599 1325 666 respe-

204 693 289 755 ctum
312 680 413 758 later:
440 699 503 747 non
532 678 699 751 secrrndum
727 681 808 768 quot
831 680 1012 764 salutantia,
1035 693 1065 747 et.
1087 679 1226 748 accidens
1249 683 1324 749 rele-

202 795 312 853 rantur
333 772 508 871 ad'etiqutd
546 780 697 850 tertium<¹
714 805 744 847 r.
763 780 864 869 ltaque
888 784 1055 851 seeundum
1079 783 1256 868 cirtulopiune
1280 792 1325 850 ut·

202 888 376 957 tribrdionio
397 909 416 970 ,s
441 885 554 974 aliquid
579 885 835 977 praedicatunde
861 886 981 956 duobus
1015 909 1067 975 per
1090 900 1262 976 respectum
1286 892 1322 957 ad

201 989 326 1078 aliquod
349 985 489 1072 tertiumf,
513 989 593 1055 sieut
614 1008 669 1055 eus
691 988 728 1056 de
750 990 918 1076 quantitate
933 1001 964 1056 et
986 990 1129 1078 qualitate
1153 1011 1207 1076 per
1222 1011 1324 1079 respe-

204 1106 290 1162 ctum
314 1091 351 1160 ad
374 1091 576 1163 substantiam
594 1115 625 1159 r.
647 1091 821 1167 Secundum
847 1106 950 1162 autem
965 1094 1141 1181 urardqqieur
1157 1094 1340 1182 proportio?

204 1198 280 1266 nisu
295 1195 407 1283 aliquid
424 1193 611 1282 praedicatur
632 1195 669 1265 de
690 1197 812 1265 duobus
835 1218 889 1286 per
912 1207 1081 1284 respectum
1107 1195 1198 1264 unius
1220 1197 1258 1264 ad
1282 1198 1325 1265 al-

203 1309 316 1384 terum,
339 1298 419 1364 sicut
438 1315 495 1365 ens
515 1297 553 1365 de
577 1296 757 1384 substantia,
786 1311 816 1368 et
838 1299 1007 1387 quantitate
1030 1296 1042 1334 ²
1070 1323 1099 1366 u.
1175 1373 1177 1377 ¹

245 1400 292 1469 Ex
316 1398 365 1468 his
385 1399 594 1486 consequitur,
619 1401 757 1486 nomina,
781 1422 871 1488 quae,
896 1400 941 1468 uti
965 1400 1098 1470 diximus
1117 1399 1141 1481 ³,
1166 1401 1321 1490 ertnlupice

202 1505 241 1572 de
263 1504 339 1589 beo,
362 1512 394 1570 et
415 1501 453 1570 de
474 1502 620 1570 creaturis
642 1504 863 1591 praedicantur,
883 1512 945 1570 non'
961 1503 1128 1570 secundum
1151 1503 1324 1589 analogiam

160 1664 162 1668 .
201 1606 417 1692 attributionis,
440 1605 493 1673 sed
518 1607 687 1674 secundum
709 1606 880 1694 analogiam
901 1605 1107 1695 proportionis
1128 1625 1193 1672 esse
1216 1604 1326 1671 intolli-

204 1707 313 1796 genda.
338 1707 414 1775 Nam
442 1730 456 1772 u
484 1706 514 1775 in
541 1710 641 1796 prime
663 1707 757 1776 modo
791 1702 1018 1796 praedicationis
1041 1716 1161 1795 oportet
1184 1728 1251 1775 esse
1275 1705 1328 1773 ali-

202 1811 277 1898 quid
303 1810 387 1899 prius
409 1811 541 1896 duobus,
559 1814 597 1881 od
618 1811 699 1899 quod
715 1810 807 1878 ambo
822 1820 993 1897 respectum
1011 1809 1133 1892 habeut,
1152 1807 1231 1874 sicut
1254 1808 1325 1874 sub·

204 1913 313 1981 stantia
336 1914 373 1981 ad
397 1912 614 2002 quantitatem,
639 1921 671 1978 et
693 1911 888 2003 qualitatem;
915 1910 945 1977 in
969 1911 1103 1978 sectando
1126 1920 1227 1976 autmn
1253 1930 1325 1989 non,

203 2018 257 2085 sed
280 2035 401 2084 necmse
422 2023 469 2105 est
492 2014 900 2102 unumessepriusaltero.
920 2012 1141 2096 utinquam
1165 2010 1227 2077 Deo
1252 2011 1327 2078 nilril

203 2118 241 2187 sit
266 2118 364 2207 prius,
386 2117 439 2185 sed
463 2115 527 2205 lpse
549 2117 590 2185 sit
612 2116 696 2206 prior
718 2128 867 2203 creatura,
892 2114 1036 2204 conrpetit
1059 2112 1090 2181 in
1113 2112 1214 2178 divina
1239 2132 1325 2201 prac-

201 2220 350 2288 dicatioae
373 2219 526 2289 secundus
554 2218 665 2286 modus
688 2217 857 2305 analogiae,
881 2227 998 2286 elnon
1022 2212 1169 2304 primus⁴
1197 2237 1227 2279 r.

245 2319 375 2393 ntxtt..
391 2321 558 2391 datiuum
585 2319 1048 2391 ruorenrroms-dnnnocm
1080 2337 1326 2388 rnoronrmm·

204 2444 344 2494 erraris
368 2423 448 2492 Sunt
470 2425 532 2492 diro
554 2422 665 2492 diuersi
697 2423 780 2492 modi
804 2423 963 2512 amtoptae
981 2422 1199 2512 proportionis.
1219 2419 1277 2499 Qut
1293 2431 1328 2488 ut

203 2526 401 2614 intelligatur,
424 2524 454 2592 in
474 2525 659 2596 memoriam
689 2526 894 2597 revocandum
917 2534 975 2610 est,
1001 2525 1073 2614 quid
1096 2523 1137 2590 sit
1154 2525 1325 2611 proportio,

202 2629 274 2715 quid
297 2629 578 2720 proportionaliter·
607 2630 770 2718 Propertio
798 2630 961 2716 quomdam
985 2626 1122 2694 ordinem
1148 2628 1225 2694 inter
1249 2625 1328 2696 duos

205 2729 353 2799 terminos
375 2729 573 2799 determinate
601 2727 778 2816 signilieat;¹
796 2729 1058 2818 quemadmodum
1082 2729 1162 2817 apud
1178 2726 1325 2796 arithme-

204 2832 280 2900 ticos
303 2829 458 2921 proportio
478 2829 592 2900 dieitur
613 2828 767 2916 ineundo,
793 2852 846 2898 seu
870 2833 946 2899 erdo
969 2829 1049 2898 inter
1071 2829 1149 2898 ‹luos
1180 2851 1326 2900 numeros

204 2935 363 3020 aequales,
388 2933 433 3001 uel
457 2932 652 3021 inaequales,
682 2942 717 3000 ut
745 2933 822 3001 ordo
851 2945 984 3020 quatuor
1000 2934 1043 3025 ad
1066 2932 1148 3014 duo,
1172 2945 1329 3020 quatenus.

114 3070 116 3074 ·
202 3047 334 3124 quatuor
363 3035 527 3103 includunt
550 3033 596 3103 bis
618 3032 693 3102 duo.
732 3033 1007 3124 Pruportionulitus
1040 3030 1141 3101 autom
1171 3037 1326 3122 siguificat

201 3138 364 3224 quemdam
388 3134 539 3218 ordinem,
563 3154 616 3203 seu
646 3133 872 3202 similitmlinem
898 3136 974 3203 inter
997 3137 1074 3203 duas
1098 3136 1323 3224 proportiones

202 3238 459 3326 quemadmodum
484 3234 540 3324 ipsi
563 3235 743 3305 arithmetici
773 3239 889 3305 dicunt:
917 3238 995 3305 sicul
1017 3259 1049 3307 se
1066 3237 1177 3303 habeut
1193 3249 1325 3323 quatuor

201 3341 237 3408 ad
261 3342 336 3421 duo,
361 3339 401 3406 ita
425 3360 457 3408 se
480 3338 593 3406 habent
617 3361 668 3409 sex
691 3341 728 3408 ad
753 3341 822 3421 tria3
850 3341 881 3408 iu
906 3352 1035 3427 utroque
1058 3341 1141 3407 enim
1175 3362 1325 3411 numerus

199 3441 296 3509 maior
318 3442 364 3509 bis
387 3440 513 3510 includit
537 3439 698 3528 minorem,
723 3443 865 3531 quocirca
886 3441 1156 3531 proportionalitas
1178 3456 1224 3510 est
1249 3466 1320 3531 pro-

203 3544 303 3635 portio
325 3543 568 3634 proportionum:
598 3570 614 3609 a
640 3544 836 3634 Aequalitas,
862 3546 952 3613 aits.
979 3545 1127 3629 Thomas,
1155 3547 1337 3634 proportio„

203 3648 285 3715 num'
310 3655 435 3715 uocatur
462 3649 726 3735 proportionalitas
750 3652 763 3689 ⁵
790 3675 819 3718 a.
845 3650 924 3716 llinc
952 3650 1054 3719 existit
1076 3650 1189 3737 duplex
1214 3655 1324 3724 modus

201 3746 359 3836 nnelopiae
387 3752 604 3836 proportionis.
636 3749 780 3836 Primus,
817 3749 869 3837 qui
893 3750 1002 3819 retinet
1025 3772 1137 3821 nomen
1165 3756 1325 3845 orrnlopiuc

245 3987 268 4055 ¹)
289 3987 398 4048 Contra
420 3991 514 4059 Genu,
536 3992 584 4048 lib.
608 3989 634 4063 l,
654 4007 682 4047 c.
703 3991 750 4048 et.

244 4074 268 4142 2)
290 4075 341 4145 Qq.
362 4077 472 4146 dirpp.,
493 4073 534 4130 De
553 4079 630 4146 Pon,
648 4095 677 4146 q.
697 4076 755 4143 Vll,
775 4092 802 4130 a.
821 4075 837 4129 7
858 4091 885 4134 c.

244 4157 265 4226 ³)
283 4158 464 4233 Pugile-⁴}
481 4160 510 4215 S.
531 4161 644 4226 Thorn,
668 4164 719 4234 Qq.
740 4165 849 4232 dirpp.‚
869 4164 927 4218 loe.
947 4161 997 4220 cit.

237 4243 261 4314 ⁵)
281 4244 308 4299 ln
330 4244 378 4298 lib.
400 4245 421 4298 V
443 4245 522 4314 Met,
545 4247 610 4299 lert.
631 4247 662 4299 V.
