2760 4770
124 356 177 426 sit.
201 357 279 425 llinc
302 355 475 425 sTlromus:
505 380 518 420 r
539 355 645 425 Omnis
667 357 745 423 actio
758 352 903 422 ‘causatur
918 352 956 419 ali
970 351 1084 441 aliquo'
1098 352 1244 420 existumo

127 459 158 528 in
183 472 264 550 actu,
290 461 360 549 quia
385 461 461 529 nilril
477 463 552 552 agit,
571 462 627 532 uisi
655 463 825 530 secundum
849 462 930 548 quorl
954 472 998 530 εει
1015 470 1085 528 actu
1105 461 1150 527 ἐ.
1171 460 1245 528 Ηίηε

125 562 215 630 etiam
235 585 252 631 ε’
273 562 387 631 «Nihil
411 574 510 652 potest
533 585 587 654 per
609 583 641 632 se
663 562 803 653 operari,
828 563 884 629 nisi
909 562 989 649 quod
1016 583 1067 648 per
1091 582 1124 630 se
1147 561 1245 632 subsi-

125 663 188 751 stit,
212 685 276 733 non
298 665 381 732 enim
404 674 450 733 εει
472 665 601 753 operari,
620 665 677 735 uisi
701 665 778 733 omis
802 663 832 731 in
856 675 923 732 actu
941 662 1044 734 ²illel
1069 665 1193 751 forrum
1217 673 1246 732 ot

125 788 231 835 sensus
247 767 405 836 axiomatis
420 778 477 854 est,
496 769 612 836 nullam
634 768 838 855 operationem
863 787 949 855 posse
970 764 1061 835 alicui
1089 776 1245 854 tamquam

124 867 180 937 sibi
205 871 370 960 propriam,
388 880 418 939 ει
434 869 605 939 immediate
627 872 666 938 ab
689 891 726 939 eo
750 873 961 959 procedentem
984 867 1163 954 convenire,
1190 867 1246 936 uisi

127 963 181 1060 per
203 973 332 1061 aliquam
357 975 486 1043 sormam
512 975 541 1042 in
567 974 632 1064 ipso
655 974 844 1061 existentem,
869 995 978 1064 nempe
1001 974 1059 1042 nisi
1084 972 1247 1062 abaliquo

129 1071 277 1169 prinqipio
299 1074 355 1165 ipsi
380 1076 545 1145 intrinseco
568 1076 788 1163 proficiscatur.
818 1077 958 1151 «Forma
982 1074 1131 1166 propria,
1157 1075 1199 1143 ait
1219 1098 1244 1144 s.

127 1173 268 1263 Thomu,
293 1188 339 1248 εει
364 1178 393 1245 in
417 1179 551 1269 qualibet
574 1199 606 1248 re
630 1179 813 1269 operationis
829 1178 967 1269 propriae
984 1178 1170 1267 principium
1187 1178 1197 1216 ³
1217 1203 1244 1244 a.

115 1275 165 1346 ll.
193 1301 239 1368 g.‚
266 1279 344 1368 iguis
368 1303 419 1371 per
442 1283 587 1366 calorem,
611 1301 648 1347 ox
672 1301 734 1370 quo
755 1290 802 1349 est
825 1293 895 1349 actu
918 1281 1042 1373 caliclos,
1068 1280 1206 1350 calefacit
1219 1280 1245 1347 ⁴.

128 1380 213 1448 Actio
229 1384 329 1469 enim,
354 1403 432 1473 quae
454 1385 492 1452 alr
513 1384 653 1451 exteriori
677 1383 823 1473 principio
846 1383 1046 1473 proficiscitur
1060 1437 1069 1471 ‚
1082 1404 1149 1451 non
1175 1395 1245 1450 tam·

127 1503 221 1570 quom
246 1483 287 1552 illi
313 1486 433 1577 propria
456 1489 639 1578 assignatur,
664 1489 716 1555 sed
741 1497 861 1555 tantum
884 1498 1034 1578 quotenus
1048 1496 1155 1555 moret
1170 1483 1247 1551 aliud

131 1586 168 1652 acl
185 1589 387 1675 operandum
409 1611 436 1658 ε.
463 1612 509 1679 g.‚
535 1590 694 1659 calefacere
718 1590 833 1657 lorrum
856 1602 901 1658 εει
924 1587 1059 1680 operalio
1082 1586 1203 1675 propria
1225 1586 1246 1651 i-

130 1687 217 1775 gnis,
242 1709 303 1758 uon
328 1702 430 1759 autem
456 1692 544 1780 labri,
562 1690 621 1760 uisi
638 1702 787 1780 quatenus
812 1693 875 1784 ipso
898 1690 995 1760 utitur
1019 1691 1089 1778 igne
1111 1689 1152 1757 acl
1176 1689 1250 1772 calc·

130 1789 301 1860 laciendum
328 1794 440 1864 ferrum
460 1798 485 1865 ⁵.
579 1879 582 1882 Α

174 1892 219 1961 Ex
244 1894 335 1964 huius
358 1898 437 1966 allati
474 1898 676 1990 explicatione
711 1896 784 1965 illud
808 1896 900 1964 etiam
936 1894 1132 1983 intelligitur.
1164 1892 1250 1963 tluue

129 2016 232 2068 nauus
256 2018 334 2070 narr
349 1986 425 2076 ran
446 2012 697 2073 sunrr'ronuan.
718 2000 808 2069 Ratio
830 2009 945 2085 autem,
962 1997 1002 2066 ob
1017 2019 1110 2086 quam
1136 1997 1251 2066 dicotur

128 2119 184 2187 per
207 2100 335 2168 formam
359 2124 448 2171 arrum
468 2103 659 2172 ¹itotmditur
675 2103 833 2172 abeodem
859 2101 1028 2191 Aquinates
1049 2123 1063 2165 u
1090 2099 1200 2168 Omnis
1220 2120 1251 2166 a·

127 2200 189 2269 ctio
212 2202 433 2292 cuiuscumque
458 2206 499 2273 roi
523 2215 572 2298 εει
592 2226 645 2296 per
677 2206 805 2272 sormam
839 2213 963 2272 naturae
987 2201 1068 2269 illins
1092 2200 1153 2271 rei.
1179 2199 1251 2268 llam

130 2305 186 2374 etsi
209 2305 270 2374 sint
293 2307 410 2376 lormae
426 2309 543 2397 aliquae
558 2309 757 2378 accidentales
783 2305 927 2395 principia
944 2306 1100 2374 actionum
1127 2301 1250 2372 alicuius

131 2407 186 2494 rei,
210 2418 329 2498 oportet
352 2412 433 2498 quod
460 2410 635 2479 huiusmodi
660 2410 792 2478 acriores
815 2409 1009 2494 reducentur,
1033 2405 1112 2476 sicut
1136 2407 1171 2474 in
1194 2403 1250 2496 pri-

130 2531 217 2578 mum
242 2512 438 2603 principium,
457 2512 487 2579 in
505 2512 633 2582 formam
651 2509 820 2599 spocilicam
839 2508 919 2577 illius
943 2508 983 2576 roi
1007 2507 1141 2597 agontis;
1168 2505 1249 2578 sicuti

129 2613 209 2679 nolio
230 2616 338 2683 caloris
363 2615 442 2704 ignis
466 2615 648 2701 reducitur,
674 2613 753 2682 sicut
776 2611 807 2680 in
832 2613 965 2702 primum
990 2610 1189 2702 principium,
1220 2609 1248 2676 iu

130 2713 260 2782 sormam
276 2714 504 2783 substantialem
521 2715 627 2805 ipsine,
645 2725 782 2802 quaeest
798 2713 887 2782 eliam
905 2712 1087 2802 principium
1113 2712 1248 2782 omnium

130 2816 336 2886 occidentium
354 2816 548 2906 propriorum
570 2818 652 2906 ignis
676 2819 688 2856 ⁶
709 2841 737 2886 l.

116 2914 119 2919 ’
176 2917 293 2986 XLVll.
320 2921 429 3009 lanus
454 2942 542 2992 orius
567 2941 639 2991 narr
665 2940 815 2990 rnorran
838 2940 939 2989 arran
956 2921 981 2985 ⁷.
1111 2988 1116 2993 .

149 3018 306 3090 sXLlllll.
332 3023 439 3094 lucus
475 3043 638 3092 rurranru
665 3039 724 3091 asr
756 3023 916 3092 numurus}
955 3021 1150 3111 Ubicumque
1172 3024 1246 3092 onim

129 3130 175 3189 εει
196 3125 307 3209 passio,
333 3123 372 3191 ihi
396 3136 426 3193 ει
450 3124 709 3216 imperfectionem
725 3124 829 3194 adesse
844 3133 961 3192 certum
986 3134 1043 3211 est,
1061 3125 1133 3214 quia
1159 3123 1247 3213 passio

132 3221 163 3289 iu
187 3224 279 3292 rebus
302 3226 468 3314 invenitur,
494 3237 585 3315 prout
609 3236 681 3294 sunt
704 3224 734 3292 iu
760 3225 913 3314 potentia,
936 3238 967 3294 ει
990 3236 1170 3316 peractum
1193 3225 1247 3295 dis·

133 3335 293 3423 ponuntur
315 3329 352 3395 ad
377 3329 423 3397 sui
449 3329 685 3420 perlectionomq
711 3329 792 3397 actio
821 3339 922 3397 autem
946 3340 992 3398 εει
1014 3328 1136 3418 agentis
1159 3327 1248 3421 perle-

131 3425 203 3493 clio.
236 3428 274 3494 m
298 3430 466 3500 notandum
490 3442 536 3499 εει
560 3431 593 3498 l⁰
616 3431 673 3498 lroc
696 3430 821 3524 ella-tum
845 3430 969 3500 ueritate
993 3423 1139 3520 gaudere,
1165 3437 1248 3520 prout

133 3549 225 3616 agens
248 3531 292 3599 uti
316 3554 421 3622 agens,
445 3546 536 3624 atque
558 3535 683 3602 ratione
699 3533 780 3603 illius
803 3534 968 3622 qualitatis,
986 3555 1038 3626 per
1061 3551 1163 3623 qaam·
1179 3531 1245 3623 agit,

129 3638 292 3721 spectatum
317 3655 344 3701 ε.
363 3657 410 3722 q,
436 3633 531 3723 iguis,
554 3633 608 3725 qui
633 3635 664 3702 in
687 3656 800 3726 corpus
825 3637 996 3706 humanum
1018 3637 1094 3726 agit,
1121 3644 1247 3707 nonest

172 3916 195 3984 ¹)
218 3916 247 3974 1ιι
270 3921 327 3995 2⁸²,
348 3942 375 3992 q.
397 3923 522 3994 uxxlx,
542 3939 569 3979 o.
591 3922 608 3978 2
627 3939 653 3980 o.
676 3952 711 3968 ·-
729 3927 753 3996 2)
775 3926 795 3998 Ι,
814 3945 843 3998 q.
863 3925 974 3997 LXXV,
994 3943 1021 3985 a.
1039 3925 1059 3985 2
1077 3944 1105 3990 c.

172 4001 194 4065 ³)
215 4005 243 4060 lu
267 4007 315 4062 lib.
336 4009 370 4064 lv
391 4009 481 4077 Seno,
504 4009 570 4065 [list.
594 4008 689 4081 XLlX,
710 4029 737 4081 q.
759 4012 781 4081 l,
802 4027 829 4067 a.
853 4010 865 4066 l
887 4014 941 4072 sol.
967 4010 1029 4073 lc.

171 4088 195 4161 ⁴)
216 4088 265 4159 Qu.
287 4093 399 4163 dlapp„
419 4111 447 4162 q.
470 4109 517 4148 un.
540 4095 581 4150 De
602 4095 731 4164 spen,
752 4111 779 4150 a.
798 4095 817 4152 2
835 4111 863 4153 o.

171 4173 196 4241 ⁵)
216 4177 277 4230 Virl.
298 4177 337 4243 3¹,
357 4197 384 4248 q.
404 4178 479 4246 ΧΙΧ,
499 4193 527 4232 a.
551 4177 574 4232 l.
597 4207 630 4221 -
644 4178 668 4248 ⁶)
689 4177 812 4235 Pausian.

170 4261 194 4332 ⁷)
214 4263 274 4321 Vlcl.
299 4265 383 4321 Fr'ur'r
401 4277 495 4323 rrroocr
514 4264 694 4339 rfflclrmem,
716 4265 768 4324 litt.
789 4267 824 4323 F.
