2760 4770
544 303 588 317 ..
610 262 631 331 s
655 302 698 315 ..
1090 280 1098 295 .

12 388 22 457 'a
57 377 156 469 Plato,
179 390 239 450 etc.
266 378 394 471 Physica
416 387 532 471 summ,
553 389 704 468 quatenus
735 387 834 448 totum
862 379 1015 470 quoddam
1038 265 1182 473 asVEuna

12 528 21 559 ,
61 481 184 581 ratione
206 486 299 572 gnua
315 502 423 574 aquae,
446 493 599 572 quatenus
620 501 692 549 cum
715 480 834 550 Oceano
857 481 959 552 iuncta
980 493 1041 571 est,
1055 504 1119 555 non
1134 504 1187 570 ap·

13 622 22 665 3
58 583 192 673 pelletur
213 585 395 670 indiuidua;
427 595 563 677 separata
586 605 660 654 vero
682 584 721 653 ab
742 583 862 655 Oceano
884 585 1038 657 indiuidua
1060 587 1181 658 dicitur.

12 758 14 763 .
58 686 126 758 iam
148 708 232 778 reno,
253 710 387 780 persona
407 701 453 760 ast
476 700 584 759 natum
617 687 769 759 individua
792 698 922 778 utroque
945 690 1049 758 modo:
1075 691 1186 780 Lupiae

12 830 20 871 ι
54 791 195 881 quidem,
220 815 293 862 nam
317 793 526 881 universalia,
551 805 620 863 tum
642 793 713 882 quin
736 792 769 862 in
799 789 955 864 intellectu
979 805 1098 864 tantum
1121 794 1186 864 esi·

11 934 20 975 ,-,.
56 904 231 983 stunt,tum
253 900 325 987 quia
349 899 488 987 pturitm
509 897 687 965 communia
702 917 768 966 esse
781 906 921 986 possunt,
946 915 1008 965 nun
1027 907 1100 966 sunt
1114 918 1186 987 per-

57 1016 163 1068 sonae.
190 998 232 1067 ita
255 999 391 1071 bominis
413 1002 447 1070 ia
468 1000 627 1071 eoaaaaum'
650 1002 732 1068 nnita
757 1019 885 1087 persono
908 1011 966 1085 est,
989 999 1041 1069 sed
1064 998 1186 1071 cicero-

11 1148 14 1159 ·
55 1096 121 1186 nis,
144 1101 193 1169 rel
214 1099 376 1192 Platonis,
400 1105 448 1175 rei
472 1102 668 1192 singulorum
701 1100 929 1171 individuorum
951 1102 1090 1190 singulae
1119 1123 1186 1192 per-

11 1280 13 1285 ,
59 1220 156 1271 sonae
177 1216 396 1295 nuncupantur
419 1206 446 1276 ¹.
472 1204 603 1292 Phariae
624 1214 741 1292 autern,
773 1203 846 1292 quia
874 1201 1085 1292 substantae,
1108 1224 1188 1294 quaa
1313 1224 1317 1243 ·

55 1313 135 1371 sunt
159 1303 254 1376 totius
285 1306 449 1398 compositi
474 1314 587 1395 partes,
611 1315 685 1394 puta
705 1305 807 1375 anima
836 1315 868 1374 et
901 1323 1014 1395 corpus
1035 1305 1184 1392 bominis,

58 1424 129 1475 non
149 1404 264 1476 babent
287 1406 441 1498 propriam
463 1405 670 1496 hypostasim,
706 1406 760 1475 sed
783 1405 956 1476 subsistunt
977 1406 1010 1476 in
1032 1406 1190 1499 hypostasi

57 1505 161 1578 totius
181 1508 353 1600 compositi.
381 1532 396 1574 c
423 1507 597 1578 Substantia
628 1505 807 1595 indiuidua,
830 1528 908 1598 quac
931 1507 1059 1599 ponitur
1079 1508 1112 1577 in
1135 1509 1187 1578 de

57 1608 202 1682 finitione
225 1631 382 1701 personae,
407 1610 552 1702 importat
574 1609 775 1680 substantium
800 1611 981 1699 completam
999 1632 1052 1703 per
1065 1629 1099 1681 se
1114 1608 1189 1681 sub·

54 1711 218 1785 sistentem
241 1714 400 1805 septratim
424 1715 463 1782 ab
485 1715 563 1801 aliis,
578 1712 715 1801 alioquin
730 1733 843 1783 manus
860 1714 993 1785 bominis
1008 1723 1108 1802 posset
1122 1713 1184 1781 diei

58 1834 204 1903 persona,
227 1837 300 1884 cum
323 1817 361 1885 sit
384 1816 552 1885 substantia
580 1815 731 1902 quaedam
765 1813 941 1897 indiuidua3
976 1814 1048 1903 quia
1083 1827 1185 1883 tamen

57 1926 109 1985 est
131 1917 302 1988 substantia
325 1916 492 2003 indiuidua,
509 1916 589 1984 sicut
612 1914 646 1982 in
666 1912 726 1983 atio
748 1914 891 2002 existens,
916 1936 980 1984 non
1002 1925 1101 2004 potest
1122 1914 1184 1984 dici

61 2036 193 2107 persona
218 2017 231 2057 ²
258 2044 290 2090 a.
314 2019 403 2100 Quod
425 2020 453 2087 si
476 2019 554 2088 duae
577 2027 704 2087 naturae
719 2019 758 2085 ita
774 2039 878 2088 secum
895 2019 1052 2105 uniantur,
1076 2028 1111 2087 ut
1126 2038 1189 2086 una

58 2140 172 2191 earum
206 2123 323 2191 nudam
346 2145 383 2192 ex
407 2121 522 2191 unione
545 2139 656 2189 noram
680 2119 896 2208 perfectionem
919 2118 1043 2209 adipisci
1065 2116 1185 2209 possit,

59 2233 139 2293 tuuc
159 2221 219 2294 ista
240 2223 352 2293 retinet
374 2222 564 2312 hypostasim
588 2220 764 2313 propriam3
801 2221 853 2291 iila
886 2234 989 2293 autem
1017 2219 1131 2291 amittit
1152 2222 1188 2290 in

59 2322 179 2395 unione
201 2324 355 2415 pmpriam
378 2323 575 2415 hypostasim,
604 2332 695 2412 atque
712 2323 743 2391 in
759 2322 914 2414 hypostasi
930 2322 1117 2415 perfectioris
1130 2343 1185 2392 na-

58 2438 150 2499 turae
172 2429 322 2501 subsistit.
347 2427 390 2498 ita
412 2426 513 2497 evenit
536 2425 568 2494 in
590 2425 734 2515 mysterio
757 2425 985 2497 incarnationis.
1014 2424 1127 2496 Christi
1149 2445 1183 2495 a·

59 2529 127 2601 nim
150 2541 261 2600 natum
284 2533 419 2600 bumana
440 2538 521 2600 earet
552 2527 671 2618 propria
701 2528 881 2619 hypostasi,
913 2540 944 2596 et
977 2527 1116 2598 subsistit
1153 2526 1186 2598 in

59 2631 195 2701 Persona
220 2633 308 2702 Verbi
333 2634 359 2705 ³.
383 2633 428 2702 Ex
452 2654 514 2721 qua
528 2632 728 2720 explicatione
743 2630 824 2701 roais
840 2632 1121 2719 individuaqqmc
1150 2632 1183 2698 iu

61 2734 244 2806 detinitione
261 2757 412 2828 persam
432 2735 604 2820 adhibetur,
628 2734 784 2824 sequitur,
808 2744 845 2802 ut
869 2734 933 2824 ipsa
956 2734 996 2801 sit
1017 2735 1190 2802 damnataru-

59 2839 227 2928 mahta,
258 2841 394 2927 scilicet,
418 2851 454 2908 ut
476 2840 516 2909 sit
538 2838 706 2907 substantia
728 2838 891 2927 singularis
909 2859 918 2919 ;
944 2836 1067 2925 insuper
1090 2845 1125 2904 ut
1146 2832 1187 2903 sit

63 2940 99 3011 iu
113 2962 147 3012 se
160 2949 235 3031 toto,
251 2942 315 3012 sive
329 2941 377 3015 sui
400 2940 486 3030 iuris,
511 2938 628 3028 sibique
651 2937 707 3028 ipsi
723 2937 857 3028 propria,
881 2948 913 3006 et
936 2936 1091 3028 integrum
1115 2959 1186 3006 sua·

63 3066 136 3114 rum
159 3045 369 3135 operationum
399 3044 606 3134 principium;
641 3041 772 3131 denique
808 3051 842 3109 ut
871 3061 935 3109 nou
958 3040 1052 3128 possit
1077 3040 1116 3106 ita
1138 3060 1188 3107 as·

65 3149 176 3234 nami,
199 3154 233 3218 ut
256 3146 399 3218 trahatur
420 3151 453 3216 m
477 3147 725 3237 personalitatem
746 3141 869 3211 alterius
891 3143 916 3210 ⁴.
947 3146 1029 3221 Quae
1052 3143 1189 3231 quidem,

66 3260 103 3317 ut
125 3250 226 3338 inquit
248 3274 274 3321 s.
302 3250 524 3333 Bonarontum,
558 3246 613 3337 ipsi
636 3244 859 3336 ethymologias
882 3245 1019 3314 nominis
1046 3263 1192 3333 personae

67 3352 278 3442 respondent,
303 3353 463 3441 siquidem,
493 3374 508 3416 a
535 3369 662 3438 persona
684 3348 795 3416 dieitur
817 3348 904 3436 quasi
933 3368 986 3435 por
1011 3368 1044 3417 se
1075 3368 1188 3433 unum,

68 3477 124 3545 per
145 3475 179 3525 se
199 3466 302 3523 autem
327 3476 425 3523 unum
450 3453 572 3543 proprie
594 3450 706 3519 dicitur
730 3470 853 3536 unum,
889 3448 971 3537 equod
995 3459 1042 3518 est
1064 3449 1193 3517 omnino

68 3559 252 3629 distinctum
274 3557 313 3628 ab
333 3556 426 3646 aliis,
450 3568 481 3626 ct
505 3556 536 3624 in
558 3573 591 3623 sc
621 3551 863 3621 indistinctum⁵
884 3574 914 3618 a.
955 3550 993 3618 dt
1017 3569 1100 3639 roro,
1123 3569 1188 3619 non

108 3762 134 3833 ¹)
153 3776 168 3820 ι
188 3761 335 3821 Esseutiao
352 3760 525 3835 signidcntio
543 3762 579 3817 ad
599 3758 706 3831 aliquid
724 3772 880 3815 commuue
900 3757 1015 3814 videtur·
1033 3756 1191 3827 pertineam

69 3861 178 3904 nomeu
197 3858 294 3902 autern
314 3848 349 3904 do
369 3846 566 3919 singutnribus
583 3844 754 3918 hypostasis,
774 3856 849 3911 quse
862 3842 982 3899 subsunt
996 3842 1063 3897 nuta
1076 3842 1192 3897 univer·

70 3934 139 4004 seii,
160 3934 344 4004 praedicatur
362 3949 398 3991 ae
414 3933 521 3991 dicitur
542 3948 578 4004 ις
598 3947 623 3988 s.
643 3930 746 4002 cyritt.
765 3929 860 4001 Alex,
882 3929 925 3983 De
943 3928 1047 3985 saner.
1071 3926 1190 3997 bracara,

73 4019 146 4074 utar.
167 4020 188 4074 Ι.

117 4106 142 4175 ²)
160 4106 191 4162 S.
211 4106 329 4177 Tuom,
347 4103 377 4175 d,
395 4123 424 4176 q.
446 4104 521 4174 xvt,
539 4118 567 4158 a.
591 4100 624 4156 12
641 4100 676 4157 ad
695 4096 787 4169 2.·-³)
806 4098 867 4155 Vid.
888 4114 915 4167 p.
930 4095 1060 4155 ost-ass.

111 4192 137 4260 ⁴)
153 4193 184 4247 S.
204 4192 321 4261 Thoan„
340 4189 376 4247 iu·
392 4189 442 4247 lib.
461 4187 495 4244 ΙΙΙ
515 4188 610 4257 Seno,
631 4185 699 4242 Dist.
717 4184 751 4255 V,
769 4200 798 4255 q.
819 4182 854 4253 tt,
873 4197 901 4238 a.
924 4181 936 4237 l
958 4185 993 4238 sd
1013 4182 1041 4239 2.

110 4278 136 4341 ὃ)
159 4277 188 4331 tn
208 4277 259 4335 tib.
279 4277 288 4332 Ι
308 4277 402 4346 Sena,
422 4277 492 4333 Dist.
514 4272 612 4345 xxm,
633 4289 661 4332 a.
683 4271 705 4341 t,
725 4288 753 4342 q.
776 4267 788 4323 1
810 4270 901 4327 rerot.

107 4361 308 4432 Snusnnrsnto,
324 4361 451 4417 desirata
986 4350 1028 4407 22
