2760 4770
67 425 137 473 earn
160 403 249 474 aliter
272 424 303 474 se
326 404 438 474 hebere
460 424 523 474 non
547 425 633 493 posse
654 405 832 494 cognoscit,
855 406 926 496 quie
949 407 1047 497 ipsam
1067 430 1119 497 per
1141 410 1191 478 sui

68 527 209 594 eonem,
235 528 270 575 sc
294 508 419 595 proinde
443 528 496 598 por
518 505 666 576 rationem
683 507 722 574 ab
745 509 839 596 ipsius
861 520 970 578 nature
995 510 1115 596 petitam
1138 530 1191 580 oo-

70 608 191 698 gnoscit
209 609 232 676 ¹.
261 609 314 678 tttc
335 619 437 678 eutem
471 609 582 678 dieitur
605 611 739 699 opinati,
762 610 816 698 qui
851 621 937 698 putet
961 632 1025 679 rem
1050 611 1135 680 aliter
1158 632 1191 680 se

65 710 179 780 habore
201 732 311 799 posse,
336 713 408 800 quia
431 732 496 780 eom
520 710 675 800 cognoscit
702 733 760 800 pcr-
777 713 928 781 rationem
952 714 1079 801 positum
1103 722 1188 781 extra

63 825 208 882 naturum
231 813 327 903 ipsius
350 811 393 881 rei
410 811 434 879 ².
460 810 538 879 Hinc
561 812 663 902 opinio
679 816 762 881 velut
777 813 912 899 infirme,
938 817 1064 885 scientio
1085 825 1189 884 autent

63 917 149 984 velut
173 916 261 985 tirme
283 925 314 984 et
336 914 474 984 obsolute
496 909 632 1001 cognitio
654 912 720 983 iure
742 925 882 982 censetur
900 916 925 985 ³.

110 1016 162 1087 111.
187 1016 348 1089 Orrosrrn
378 1033 832 1085 contenent—rnconrnnxt.
863 1014 1009 1105 Opposita
1030 1017 1187 1107 complexo

65 1128 144 1191 sunt
165 1121 246 1211 ipsae
270 1117 490 1209 propositiones
515 1117 670 1207 oppositae
683 1117 709 1187 ⁴.
736 1117 931 1207 incomplexe
953 1128 1026 1186 sunt
1049 1117 1104 1206 ipsi
1129 1130 1189 1188 ter-

62 1220 144 1290 mini
167 1220 305 1311 oppositi,
329 1219 483 1306 utrisne,
510 1228 541 1287 et
563 1217 697 1288 caecitas.

112 1322 180 1393 1111.
205 1321 294 1394 Onoo
316 1340 455 1392 torrvos
472 1358 516 1372 -
532 1339 699 1391 rnssrvus.
729 1317 812 1388 Ordo
835 1321 972 1407 actious,
996 1321 1049 1412 qui
1071 1324 1144 1409 ets
1173 1360 1188 1375 -

62 1426 303 1513 maledicitur,
327 1435 375 1494 est
397 1421 476 1492 ratio
489 1420 617 1491 ‘ordinis
634 1421 666 1490 in
683 1430 783 1490 ruente
805 1419 987 1502 ordinantis;
1012 1441 1041 1488 e.
1067 1444 1115 1510 g„
1140 1425 1188 1494 lex

61 1529 99 1597 in
122 1538 226 1598 ruente
248 1527 326 1611 eius,
354 1524 407 1614 qui
427 1543 534 1592 cururn
550 1523 641 1591 hahet
656 1521 898 1602 communitatis;
916 1521 996 1590 unde
1018 1525 1081 1610 ipsa
1105 1546 1187 1592 nun-

59 1640 194 1719 cupatur
213 1629 367 1697 ordinatio
389 1625 546 1692 societatis.
572 1622 753 1692 Huiusmodi
777 1643 848 1691 uero
872 1623 957 1710 ordo,
982 1635 1131 1711 quatenus
1146 1626 1185 1695 ab

58 1731 116 1800 ilio
139 1731 176 1799 od
199 1751 248 1801 res
272 1728 423 1798 ordinatas
446 1725 592 1815 procedit,
617 1727 733 1794 activos
756 1724 875 1815 proprie
890 1727 1076 1812 appellatur.
1102 1727 1184 1798 Ordo

57 1836 166 1902 autern
188 1836 354 1922 passivus,
391 1832 438 1898 rel
469 1829 628 1898 obiectione
654 1839 700 1896 est
723 1828 881 1918 dispositio
909 1829 1070 1899 inhaerens
1092 1832 1185 1902 rebus

57 1934 220 2010 ordinetis;
243 1956 270 2004 ε.
297 1958 344 2024 ς..
369 1931 529 2023 dispositio
545 1952 647 1998 rerum
664 1929 695 1998 in
710 1932 770 1999 hoc
793 1930 945 2000 universo.
973 1931 1090 1999 Dicitur
1109 1952 1182 2022 pos-⁴

61 2039 159 2121 sinus,
184 2047 276 2124 prout
297 2036 441 2118 efficitur
466 2034 637 2121 oticcttoco,
653 2044 804 2123 quatenus
818 2045 865 2102 est
881 2034 1032 2103 terminus
1054 2034 1182 2105 sotionis

59 2135 243 2208 ordinantis.

105 2239 185 2308 thi.
211 2238 302 2309 Onno
326 2237 694 2310 turnnrtonts-Onno
718 2257 941 2307 nxucurronrs
978 2237 1062 2307 Ordo
1084 2242 1183 2307 inten-

54 2344 151 2411 tionis
171 2350 218 2411 est
240 2340 302 2426 itte,
326 2361 389 2429 quo
413 2360 461 2408 res
476 2338 682 2427 disponuntur
697 2339 730 2406 in
746 2351 848 2406 mente
869 2339 948 2423 eius,
972 2339 1024 2428 qui
1050 2343 1180 2427 pruden-

59 2453 110 2511 ter
132 2442 205 2532 agit.
232 2440 406 2511 Secundum
430 2443 514 2509 hunc
536 2440 674 2510 ordinem
698 2441 769 2508 srnis
797 2440 909 2508 dicitur
932 2443 1053 2527 prirntts
1075 2442 1110 2508 io
1133 2445 1181 2510 io-

57 2545 296 2614 tottionem-cto
318 2546 501 2615 ececrotonts
523 2554 568 2613 est
592 2546 653 2632 iiie,
677 2565 740 2634 quo
761 2545 860 2614 media
883 2546 921 2614 ed
944 2548 1086 2617 effectum
1111 2571 1182 2637 pro·

57 2647 238 2715 ducendum
261 2650 485 2716 accommodate
510 2645 703 2716 adhibentur.
733 2646 909 2716 Secundum
936 2647 1020 2719 huno
1042 2649 1180 2720 ordinem

57 2747 132 2817 finis
154 2747 265 2817 dieitur
287 2756 457 2837 postremos
480 2750 515 2817 io
537 2751 712 2818 executione
726 2750 750 2816 ⁵.
777 2748 873 2836 Item,
914 2751 1021 2839 quies,
1046 2772 1116 2820 curn
1141 2753 1181 2821 sit

61 2849 136 2920 tinis
159 2858 271 2935 motus,
295 2859 341 2918 est
366 2848 448 2936 prior
470 2851 504 2916 io
527 2851 704 2934 intentione,
730 2850 782 2918 sed
806 2850 955 2937 posterior
977 2854 1011 2920 in
1032 2856 1181 2922 executio-

56 2973 97 3022 tte
114 2955 139 3022 ⁶.
167 2953 208 3021 ita
231 2954 323 3021 etiam
346 2973 479 3020 decessu-s
501 2949 612 3019 dicitur
632 2953 719 3042 prior
732 2954 899 3022 secondom
921 2956 1060 3024 ordinent
1082 2959 1182 3026 inteo-

59 3057 163 3140 tt'ooir,
187 3075 280 3143 quom
303 3074 448 3135 recessus
474 3052 605 3121 vicissim
629 3055 663 3122 in
686 3056 792 3123 ordine
815 3057 1001 3124 executionis
1015 3058 1040 3123 ⁷.

100 3155 184 3225 tut.
209 3156 300 3224 Onoo
324 3152 612 3224 nitoris-omo
636 3174 854 3227 coorurronrs«
879 3156 962 3226 Ordo
984 3164 1114 3227 nottrroe
1136 3169 1183 3228 est

61 3258 126 3345 iile,
150 3277 240 3344 quem
265 3275 313 3324 res
336 3254 470 3324 intense
493 3254 618 3323 habent.
636 3253 811 3326 Secundum
826 3258 909 3326 hunc
931 3258 1067 3328 ordinem
1090 3282 1181 3332 causa

103 3501 126 3569 ¹)
146 3514 158 3555 ε
180 3499 262 3554 Scire
282 3506 336 3566 est,
356 3497 471 3566 quando
490 3510 609 3552 causam
629 3494 784 3554 viderimus
797 3512 824 3568 t;
843 3497 932 3555 ciem.
953 3499 1048 3574 dien,
1068 3502 1178 3565 Strom.

56 3585 112 3644 lib.
133 3584 203 3656 vlit,
223 3601 253 3640 n.
274 3580 338 3640 330.
358 3584 393 3639 ttr
410 3598 434 3638 s.
456 3582 589 3638 Iustinus:
623 3582 728 3636 «Tum
746 3583 863 3638 demum
881 3594 944 3640 rem
962 3602 1107 3658 quamquo
1124 3605 1180 3650 uos

56 3672 137 3730 scire
157 3677 300 3740 putemus,
319 3681 386 3723 cum
406 3667 513 3737 primas
532 3665 665 3723 novimus
683 3680 808 3738 causas,
832 3674 861 3725 et
878 3669 971 3739 primu
989 3660 1128 3746 principia
1148 3692 1177 3751 ις

55 3754 181 3815 Arucci.
201 3755 299 3826 dopm.
319 3766 427 3820 svers„
446 3767 476 3807 n.
498 3750 542 3808 to.

93 3843 119 3911 2)
139 3855 151 3896 ε
172 3839 274 3909 Opinio
292 3837 366 3894 certi
384 3837 454 3892 nihii
473 3837 581 3894 hebens
602 3851 705 3894 rerum
723 3851 776 3906 per
800 3837 968 3896 verisimilia
986 3842 1100 3911 quaerit
1118 3858 1167 3916 po·

53 3925 124 3997 tius,
143 3940 229 3995 quam
248 3922 433 3994 apprehendit
453 3939 480 3993 ³3
499 3938 522 3980 s.
543 3924 639 3992 Berm,
660 3921 703 3979 De
724 3923 889 3995 consecter„
909 3924 960 3982 lib.
978 3926 1014 3984 V.

94 4009 120 4082 ³)
139 4009 307 4066 «Scieutiam
327 4007 465 4065 deliniunt
484 4007 640 4079 philosophi
660 4008 824 4066 habitune
843 4010 956 4068 ratione
974 4011 1024 4087 qui
1036 4018 1177 4075 transmu-

53 4094 114 4154 tari
133 4108 190 4149 non
211 4103 302 4163 potest
323 4110 350 4164 ις
369 4092 459 4150 ciem.
479 4093 574 4164 Alex„
593 4091 703 4150 Serum.
723 4094 773 4150 tib.
793 4093 828 4167 li,
847 4111 877 4155 n.
893 4093 955 4155 156.
979 4097 985 4105 “

92 4179 119 4247 ⁴)
137 4177 201 4234 Vid.
220 4193 249 4248 p.
270 4176 317 4245 69,
338 4175 465 4245 ’td-⁵)
484 4176 547 4234 vid.
569 4192 595 4246 p.
618 4173 680 4245 tos,
702 4173 764 4232 136.
1041 4188 1044 4193 ’

94 4262 119 4332 6)
140 4258 168 4315 1·
186 4259 245 4334 2⁸0,
263 4279 291 4334 q.
312 4259 400 4333 XXV,
418 4276 445 4317 s.
469 4259 480 4315 1
502 4275 528 4319 c.
549 4288 585 4306 -
602 4261 627 4333 ⁷)
646 4260 709 4318 vid.
728 4274 757 4330 p.
775 4255 824 4318 24.
931 4310 935 4315 .
