2760 4770
193 381 327 452 diximus
342 380 365 470 ¹,
390 378 543 472 significat
564 378 737 463 actionem,
762 380 833 470 quia
855 379 983 451 existere
1006 391 1038 449 et
1063 380 1203 470 intelligi
1227 390 1312 472 potest
1360 380 1365 387 '

192 485 257 556 sine
277 484 394 554 actione
408 485 419 571 ',
443 483 530 555 euius
553 483 616 572 ipsa
645 482 828 573 principium
851 494 922 565 est;
946 483 1000 554 sed
1022 493 1071 551 est
1094 491 1171 555 adu
1192 482 1310 572 priieo',

189 586 243 676 qui
266 586 419 675 significat
446 606 529 667 esse;
558 607 628 655 nam
651 585 780 674 intelligi
803 605 868 664 non
890 595 988 675 petest
1011 585 1082 657 sine
1106 608 1200 676 esse,
1238 585 1312 675 quel

192 698 238 758 cst
260 686 443 778 principium
466 687 559 777 ipsius
582 687 744 779 potentiae.

235 786 315 857 Hine
337 787 515 876 Leihuitius,
540 787 649 878 aliique
672 786 849 879 philosophi}
864 786 1055 876 refelluntur,
1084 789 1142 878 qui
1167 791 1313 860 facultate

186 891 306 960 animae
327 891 393 960 siue
415 897 496 979 edu,
510 913 565 962 seu
588 889 775 980 operatione,
799 889 912 980 aliquid
935 911 1057 959 merum
1090 891 1268 982 possibile,
1288 905 1312 961 et

193 991 381 1060 abstractum
403 1013 469 1064 esse
490 993 668 1083 opinantur.

234 1091 329 1164 Xllll.
354 1091 519 1167 roseum
539 1114 849 1168 acerva-russum.
875 1095 1014 1165 Potentia
1036 1097 1147 1168 actiae
1170 1105 1216 1165 est
1234 1100 1311 1188 prin·

189 1194 307 1284 cipium
328 1197 441 1285 mendi
463 1198 497 1266 in
518 1196 625 1266 diuet:
663 1199 793 1267 Pausiae
820 1206 865 1266 est
897 1195 1094 1284 principium
1121 1196 1312 1287 ραὶἱεηάἱα)

190 1295 253 1365 eto
269 1294 295 1363 ².
320 1296 461 1386 Scilicet,
485 1298 637 1387 quaelibet
664 1297 794 1388 potentia
821 1299 1014 1388 expostulat,
1043 1308 1084 1365 ut
1108 1300 1150 1367 ad
1173 1298 1312 1388 operatio·

192 1415 264 1468 nem
286 1398 426 1468 ordinem
448 1398 569 1469 habeat.
598 1397 674 1486 lam,
697 1399 850 1487 peteme,
879 1417 955 1485 quae
975 1417 1030 1464 sua
1060 1401 1248 1487 operatione
1268 1400 1311 1469 ali

192 1497 277 1587 quod
297 1497 451 1568 obiectum
472 1508 673 1586 transmutat,
702 1511 749 1568 est
770 1498 893 1581 eetivu3
919 1519 936 1567 e
958 1500 1140 1588 contrario,
1164 1504 1310 1591 pereae,

193 1617 271 1686 quae
292 1599 331 1667 ab
353 1594 456 1692 aliquo
478 1599 595 1670 obiecto
623 1612 765 1669 movetur
786 1600 823 1668 ad
844 1620 932 1668 suam
955 1600 1173 1688 operationem
1204 1604 1310 1673 eliciea·

192 1697 277 1785 dam,
300 1710 346 1770 est
366 1702 492 1791 passive
509 1701 532 1773 ⁵.
563 1724 578 1767 a
602 1700 738 1770 Potentia
764 1700 861 1769 activa
888 1711 933 1768 est
956 1699 1147 1792 principium
1173 1717 1311 1774 transmu-

193 1801 280 1875 tandi
301 1802 394 1873 aliud.
432 1803 569 1874 Potentia
602 1803 716 1894 passiva
737 1814 783 1873 est
815 1801 998 1891 principium
1028 1805 1310 1876 transmutandial

193 1904 254 1975 etio
269 1905 318 1977 ⁴».

239 2006 346 2074 Xlllll.
372 2005 749 2079 Percurre-Haemus
766 2007 793 2077 ⁵.
1140 2083 1144 2091 ,

238 2108 346 2179 XXlll.
370 2109 804 2182 reilana-mmmmm.
835 2105 977 2195 Spectant
998 2106 1037 2176 ad
1059 2111 1237 2180 secundam
1257 2132 1308 2203 spe

194 2208 274 2279 uem
295 2208 460 2299 qualitatis.
488 2207 614 2298 Nempe,
639 2208 833 2298 proclivitas,
859 2209 907 2276 rel
929 2207 1125 2279 imbecillitas
1147 2202 1308 2300 superaddi·

195 2321 226 2382 ta
248 2310 382 2381 facultati
404 2310 525 2402 agendi,
551 2332 605 2401 per
626 2332 720 2399 quam
741 2310 909 2380 substantia
931 2310 1071 2398 faciliter,
1088 2313 1137 2382 vel
1162 2314 1307 2384 difficulter

194 2433 229 2482 ea
252 2412 369 2504 epemn‘
392 2424 500 2506 potest,
525 2434 604 2503 quae
625 2413 706 2481 illias
728 2413 879 2482 lacultatis
898 2412 1052 2481 obiectum
1085 2427 1176 2504 sunt,
1202 2430 1255 2487 aut
1273 2436 1306 2485 re

193 2516 298 2588 sistere
321 2516 369 2604 lis,
391 2537 470 2606 quae
491 2517 574 2587 illius
607 2516 854 2586 exercitationem
883 2513 1074 2606 impediunt,
1100 2520 1253 2608 poteritiu,
1274 2516 1305 2586 rel

194 2621 374 2709 inmunia
397 2631 532 2701 vocatur;
557 2640 585 2689 e.
610 2641 658 2707 g.,
684 2619 766 2687 risus
796 2619 828 2686 in
850 2617 958 2687 iuvene
981 2620 1172 2707 potentiane,
1199 2621 1232 2689 iu
1252 2636 1305 2689 seue

192 2723 414 2811 impotentium,
439 2721 503 2791 sive
524 2722 654 2790 debilem
679 2719 844 2809 potentiam
865 2721 965 2788 habet:
993 2719 1173 2790 «Potentia
1198 2733 1304 2801 natura

195 2821 243 2907 tis,
269 2832 359 2912 prout
381 2821 455 2890 dicit
473 2823 599 2892 modum
622 2822 768 2892 existendi
783 2822 929 2891 naturalis
944 2821 1096 2912 potentiae
1113 2822 1147 2890 in
1172 2824 1302 2905 subiecte,

195 2921 299 3012 (idest
321 2923 474 3010 (omittetis
495 2924 606 3012 upeudi
622 2923 656 3013 )·,
693 2925 860 2992 secundum
887 2943 979 3012 quem
1007 2921 1124 2992 dicitur
1147 2927 1303 2994 subiectura

194 3025 289 3113 facile,
313 3026 361 3094 vel
382 3025 503 3095 difficile
525 3029 563 3095 ad
585 3025 699 3115 aliquid
726 3027 879 3114 agendam
899 3078 906 3092 .
929 3077 965 3112 .,
989 3024 1059 3093 dicit
1086 3028 1219 3098 modum
1244 3048 1303 3118 qua·

193 3125 300 3207 litatis3
324 3135 356 3195 et
377 3137 424 3196 est
447 3128 627 3215 generaliter
650 3129 684 3195 in
706 3129 836 3197 secunda
853 3127 950 3216 specie
970 3127 1139 3216 qualitatis,
1168 3141 1206 3199 ut
1229 3138 1302 3220 patet,

200 3248 274 3297 cum
296 3227 409 3296 dicitur
431 3249 559 3315 cursor,
582 3239 614 3298 et
635 3231 807 3320 pugillator,
833 3251 966 3319 quorum
988 3239 1160 3319 utrumque
1185 3234 1254 3302 dicit
1272 3230 1305 3297 la·

194 3326 349 3416 cllitatem,
374 3348 452 3417 quae
474 3331 611 3418 sequitur
635 3333 761 3400 modum
792 3332 939 3402 existendi
962 3331 1114 3418 potentiae
1136 3330 1303 3423 gradiendi,

194 3437 225 3498 ct
245 3427 416 3517 resistendi,
441 3427 502 3500 sive
524 3432 635 3521 agendi
658 3431 690 3501 in
713 3434 850 3502 subiecto
865 3434 916 3501 ⁶».

234 3528 328 3600 XXV.
352 3530 520 3604 Percurre
543 3552 871 3605 coerce-rursus.
905 3533 1047 3602 Potentia
1073 3533 1208 3624 physice
1233 3561 1247 3603 a
1268 3536 1304 3604 di·

223 3734 248 3806 Ι)
266 3733 335 3807 Peg.
356 3732 463 3809 ta.-²)
481 3736 503 3809 l,
521 3755 550 3810 q.
569 3737 657 3810 XXV,
676 3755 704 3796 a.
726 3737 739 3793 1
761 3755 788 3796 c.

219 3817 243 3890 3)
261 3819 323 3878 viu.
343 3834 368 3877 s.
386 3820 500 3895 Pham„
525 3825 577 3898 Qq.
604 3825 714 3896 dispp„
739 3826 780 3884 lle
801 3825 884 3895 Ver,
904 3843 932 3897 q·
947 3824 1061 3896 arte
1084 3820 1098 3876 l
1120 3826 1157 3881 ad
1180 3826 1226 3886 18.
1244 3830 1306 3899 Quo

196 3902 284 3960 modo
303 3903 429 3974 potentin
446 3907 548 3966 activa
569 3907 751 3966 attribuenda
769 3909 805 3967 sit
824 3909 895 3980 Deo,
919 3909 1041 3980 explicat
1058 3920 1181 3972 sauctus
1200 3914 1305 3985 licem,

198 3986 252 4057 Op.
271 3988 334 4056 cit,
353 3987 397 4044 lte
415 3989 492 4062 Poe,
510 4009 538 4064 q.
559 3992 582 4063 l,
601 4006 630 4048 a.
651 3989 677 4048 l.

231 4072 258 4140 ⁴)
274 4073 304 4129 S.
323 4071 407 4142 Bon,
426 4072 457 4129 lu
475 4075 525 4132 lib.
546 4074 560 4132 l
580 4078 675 4151 Sene,
693 4077 763 4137 Dist.
783 4077 845 4150 xlt,
863 4077 932 4151 eil,
951 4096 980 4151 q.
997 4076 1018 4132 4
1036 4079 1127 4138 recol.

218 4156 244 4227 5)
263 4155 325 4216 vid.
345 4170 373 4226 p.
395 4152 457 4212 155.

220 4241 244 4312 6)
261 4240 290 4303 S.
310 4241 395 4314 Bam,
413 4238 445 4301 lu
463 4240 514 4301 lib.
534 4241 546 4301 l
564 4240 658 4319 sena,
677 4247 748 4307 Dist.
767 4244 814 4321 111,
832 4262 860 4319 p.
879 4245 909 4320 2,
928 4263 956 4306 u.
977 4246 998 4321 l,
1018 4263 1046 4319 q.
1067 4243 1087 4304 3
1106 4250 1202 4309 recol.
1274 4246 1280 4253 ‘
