2760 4770
122 343 179 415 per
200 326 283 414 quod
309 344 370 415 ms,
394 326 444 394 eui
475 324 632 414 inhaeret,
656 326 694 392 ael
717 326 843 393 alteram
866 342 935 392 rem
960 320 1117 411 refertur,
1141 320 1242 413 proicdt

35 474 38 479 -
124 430 208 499 uliud
234 430 264 498 in
287 450 321 500 re
343 431 443 519 relata?
467 441 512 501 est
535 452 607 521 esse,
631 450 695 520 quo
722 429 787 521 ipsa
808 426 997 518 simpliciter
1020 437 1087 516 est,
1103 426 1183 495 aliud
1197 447 1244 495 tna

124 551 197 620 esse,
219 554 282 621 quo
304 535 341 601 ad
365 534 490 603 alteram
520 554 585 603 rem
609 533 749 601 refertur.
775 528 838 597 lam
860 551 936 617 esse,
949 549 1024 619 quo
1049 527 1198 599 tammus
1215 550 1245 596 re

126 633 207 702 latus
229 633 406 726 simpliciter
426 648 495 723 est,
520 637 685 704 mntaiem
707 631 872 718 relationis,
896 643 929 700 et
952 653 1036 722 esse,
1056 653 1123 723 qno
1139 631 1246 701 adalind

128 733 271 823 refertur,
295 739 429 824 (mam
452 738 519 807 eius
542 734 722 820 constituit,
746 733 819 822 quia
840 732 941 823 aliqua
965 754 1025 804 ros
1049 744 1099 802 est
1122 733 1247 803 terminu

127 835 241 904 tulatus
265 858 327 906 non
352 848 473 925 propter
495 858 572 920 esre,
595 856 659 926 quo
681 833 856 924 simpliciter
877 845 937 922 est,
961 834 1035 905 sed.
1055 846 1183 926 propter
1195 856 1247 918 aa,

128 928 251 1026 quoad
275 938 364 1006 aliam
389 960 454 1007 rem
477 941 620 1009 refertur.
645 938 688 1006 lta
715 937 740 1004 si
765 938 900 1023 Petrum,
917 937 973 1026 qui
999 951 1048 1006 est
1072 938 1159 1007 Pauli
1176 949 1249 1028 pater,

130 1052 246 1129 spectes
269 1058 330 1110 nort
356 1054 446 1133 prout
474 1053 516 1112 est
544 1054 624 1133 pater·
649 1041 751 1127 Pauli,
776 1042 827 1110 sed
851 1052 941 1130 prout
957 1039 1013 1108 hic
1032 1041 1203 1128 nomnen,
1217 1064 1251 1131 pr

132 1152 212 1210 trem
231 1143 312 1211 Pauli
329 1145 534 1214 materialiter
553 1155 682 1234 speetas3
698 1142 744 1210 sin
763 1141 886 1210 Petrum
900 1141 1087 1211 consideres
1103 1163 1168 1212 non
1184 1155 1254 1232 prout

132 1244 183 1313 liic
207 1245 302 1315 immo
323 1259 382 1333 est,
407 1248 458 1315 sed
491 1257 581 1338 prout
603 1246 710 1336 geutrit
735 1246 875 1330 i‘arrlum,
900 1254 1023 1332 patrem
1051 1244 1144 1313 Pauli
1156 1247 1254 1332 sonne-

133 1344 204 1412 liter
218 1346 404 1435 consideras,
420 1348 491 1436 quin
509 1347 631 1416 Petrum
648 1345 817 1421 εευυυιιυυι
833 1345 987 1414 relationis
1008 1344 1164 1435 formam,
1180 1366 1255 1438 quan

135 1467 172 1515 ex
196 1449 390 1535 generatione
415 1451 516 1538 habet,
545 1470 654 1540 nempe
672 1450 900 1540 pcteraitetene,
924 1448 1124 1521 consideras.

180 1546 284 1619 XXlV.
309 1548 638 1623 mutin-tuimur.
664 1549 782 1639 Aliquid
803 1549 933 1635 intendi,
959 1551 1011 1620 rel
1036 1553 1164 1624 remitti
1179 1553 1257 1631 nile

136 1647 202 1718 liud
225 1660 282 1740 est,
305 1673 398 1743 quam
424 1654 568 1743 gradibus
589 1655 653 1722 suis
673 1653 799 1742 angori,
823 1653 871 1722 rel
901 1651 1067 1725 imminui.
1088 1654 1176 1735 oure
1190 1655 1259 1724 nerlu

137 1768 156 1819 a
178 1753 364 1842 cytharaedis
393 1759 536 1828 translata
561 1765 644 1844 sunt,
680 1755 733 1846 qui
761 1773 871 1824 nereos
892 1753 922 1823 iu
947 1753 1096 1845 fidibus,
1122 1767 1161 1826 υι
1182 1756 1260 1826 inten-

135 1852 264 1944 siorem,
289 1869 343 1926 aut
368 1858 571 1930 remissiorem
603 1880 715 1928 sonum
738 1859 854 1944 edant,
881 1856 1046 1927 intendere
1070 1861 1201 1948 solent,
1221 1871 1261 1927 aut

138 1957 284 2026 relaxare.
310 1958 381 2030 ludu
404 1965 501 2032 solent
527 1961 630 2051 logici
660 1959 758 2029 dicere
780 1959 906 2047 intendi,
923 1971 977 2028 aut
993 1962 1120 2030 remitti
1136 1983 1184 2050 ea,
1199 1982 1260 2050 quae

139 2059 248 2148 magis,
274 2073 327 2129 aut
350 2063 454 2132 minus
481 2063 619 2132 alliciunt
637 2061 826 2145 subiectum
852 2061 962 2150 utqui
986 2063 1116 2134 calidus
1139 2076 1199 2152 est,
1220 2082 1259 2153 po

138 2168 198 2228 test
219 2181 286 2232 esse
306 2162 451 2251 calidior,
476 2174 530 2232 aut
553 2163 657 2231 rninus
678 2162 806 2244 calidus
828 2175 859 2230 et
882 2161 935 2251 qui
958 2163 1047 2232 docti
1067 2176 1161 2255 sunt,
1179 2173 1259 2255 potest

140 2279 248 2330 eorum
272 2284 353 2332 unus
375 2264 436 2334 alio
458 2265 577 2333 doctior
608 2285 701 2348 esse,
725 2274 779 2332 aut
803 2262 906 2334 minus
927 2263 1058 2336 doctus.
1091 2269 1180 2338 Circa
1200 2282 1258 2357 quas

142 2384 229 2434 voces
253 2367 326 2434 haec
348 2370 521 2437 adnotanda
548 2376 641 2437 suut:
670 2367 703 2435 l·
727 2369 936 2456 augmentum
961 2366 994 2435 in
1019 2370 1258 2458 qualitatibuset

142 2465 247 2536 lornris
269 2489 333 2537 non
357 2472 392 2538 stt
417 2492 470 2562 per
492 2470 690 2555 additionem,
716 2470 768 2537 sed
791 2489 843 2557 per
858 2470 1082 2554 intensionem
1102 2473 1176 2542 item
1190 2469 1256 2543 dini·

141 2569 230 2638 nutio
252 2590 314 2638 non
340 2595 392 2662 per
421 2573 655 2644 srelrtruclioaem
677 2570 729 2639 sed
752 2592 805 2659 per
838 2572 1056 2640 remissionom
1075 2574 1101 2646 ¹.
1129 2574 1163 2646 2⁸
1187 2596 1200 2639 ι
1221 2571 1256 2641 lu·

144 2674 251 2761 tensio,
276 2675 444 2741 secundum
473 2694 565 2762 quam
589 2671 704 2761 aliquid
727 2671 838 2740 dieitur
861 2675 972 2761 magis,
996 2685 1026 2740 et
1057 2677 1187 2764 minus,
1209 2692 1255 2743 non

144 2776 244 2842 solum
267 2786 411 2845 causatur
433 2797 486 2864 per
513 2794 666 2844 recessum
690 2797 706 2842 a
735 2775 900 2861 contrario,
925 2777 978 2845 sed
996 2776 1096 2845 eliam
1113 2799 1167 2866 per
1180 2793 1255 2845 acun-

143 2896 214 2945 sum
238 2878 275 2945 ad
300 2877 481 2964 terminum,
506 2877 585 2945 sieut
610 2886 690 2966 patet
711 2879 743 2943 in
760 2874 930 2944 intensione
945 2875 1024 2944 lueis
1041 2876 1208 2970 corporalis
1219 2873 1254 2942 ἰ.

146 2977 192 3048 Ob
215 2982 293 3048 liano
317 2980 463 3049 rationem
491 3003 504 3045 ι
531 2981 635 3048 lumen
658 2977 812 3069 spirituale
835 2976 1005 3046 intenditur
1030 2978 1064 3046 in
1092 2999 1156 3049 uno
1171 2978 1254 3047 aaa·

149 3105 219 3152 rum
244 3085 353 3172 magis,
370 3105 462 3170 quam
481 3084 511 3149 iu
529 3083 656 3171 alio,per
671 3079 817 3149 maiorem
840 3078 1094 3149 assimilationem
1110 3081 1147 3149 ad
1164 3080 1253 3165 Deunq
1287 3134 1290 3173 ,

148 3184 287 3272 quamuis
310 3183 341 3250 iu
366 3186 451 3250 nullo
479 3183 651 3252 inveniatur
674 3183 786 3271 aliquid
811 3180 999 3251 contrarium
1023 3181 1073 3250 illi
1099 3181 1206 3251 lumini
1220 3178 1252 3246 ἰ.
1285 3182 1290 3273 j

194 3285 286 3351 XXV.
312 3279 1080 3355 Rsecurius—Durrurrrvu—Crucuusururrrvu
1097 3285 1126 3353 ⁴.
1287 3288 1290 3303 '

192 3386 298 3458 xxvi.
325 3386 544 3458 Rusrsruurra
575 3405 906 3457 cussare-uerius.
944 3386 1132 3454 Resistenlia
1152 3384 1256 3477 porsina

149 3502 206 3579 est,
231 3513 301 3560 euru
325 3493 496 3559 subiectum
527 3511 579 3579 pet
600 3489 732 3576 aliquam
755 3507 802 3553 sur
796 3488 963 3574 formam,
982 3487 1028 3555 rel
1044 3487 1256 3578 dispositionem

149 3544 276 3712 impedit
309 3595 475 3687 quominus
511 3594 606 3660 virtus
639 3590 771 3660 alicuius
805 3587 922 3680 agentis
963 3584 1102 3678 aliquem
1134 3589 1257 3658 effectum

150 3698 182 3766 in
218 3700 316 3788 ipsum
352 3697 482 3766 inducat.
520 3695 582 3763 llao
617 3695 733 3762 ratione
771 3692 878 3781 ingens
901 3690 977 3780 lapis
1002 3690 1122 3760 ratione
1145 3687 1258 3780 grarita

91 3850 100 3861 -.
152 3800 189 3868 tis
213 3802 322 3871 resistit
346 3801 442 3870 motui
467 3820 602 3868 sursum.
629 3796 788 3878 Quocirca,
814 3794 871 3864 nisi
896 3794 991 3864 rnaior
1014 3792 1055 3865 sit
1071 3792 1257 3884 virtusqu-

201 4043 271 4118 trtn
291 4049 338 4102 ιιι
360 4049 381 4103 ιι
402 4048 494 4119 aaran,
516 4048 582 4105 urae.
603 4047 776 4119 xxtltv,q
798 4047 820 4116 ι,
840 4061 868 4101 a
888 4042 981 4104 aaut.
1002 4045 1083 4120 erp.
1103 4043 1168 4107 aaa.

199 4136 222 4202 ²]
241 4130 270 4188 lu
291 4133 339 4187 lib.
361 4133 392 4186 lV
412 4130 599 4204 tonanti,
620 4150 647 4204 q.
669 4130 701 4205 li,
721 4148 747 4191 a.
769 4129 889 4189 tall

202 4215 319 4292 ³)Ibt'd.
324 4217 382 4289 ⁴)
401 4216 462 4271 th
485 4232 511 4288 p.
531 4209 577 4274 62
