2760 4770
604 285 651 301 -
673 247 699 317 Ι
722 285 767 303 -
1155 249 1202 323 dd
1323 298 1330 310 .

128 364 192 452 sui,
215 375 309 454 quam
332 364 450 437 tatione
473 363 529 435 sibi
552 363 685 434 adiuncti
696 387 710 465 ¹;
734 374 766 434 et
788 364 849 434 boo
863 375 1002 453 respectu
1016 363 1151 434 eiusdem
1167 365 1249 432 obie-

125 471 183 538 cti.
209 469 286 537 Nam
321 470 490 539 seeundum
524 468 728 539 diversitatem
762 463 951 539 obiectorum
974 471 1011 539 tlt
1038 467 1250 541 ditensifimtio

106 571 351 667 ,opemtionum
377 573 459 641 unde
482 573 528 641 sol
549 570 681 663 amplius
702 570 857 640 illuminat
877 575 1080 663 crystallum,
1104 593 1195 663 quam
1213 570 1250 638 il·

126 673 257 743 Inminet
279 673 420 763 lapidem,
445 678 492 746 vel
515 674 636 765 lignum
661 675 672 717 ¹
699 699 729 742 a.

173 777 207 844 L.
231 777 336 848 duint
361 800 420 849 usn
456 799 586 848 sanetus
610 797 814 863 seuctuumt,
839 799 901 850 suu
923 800 1032 850 auam
1056 797 1247 850 nonutnnu.

126 879 192 950 lloc
214 881 251 951 de
273 882 375 952 anima
397 883 531 951 humana
553 880 745 968 enuncialun,
769 893 837 950 tum
858 881 929 970 quia
954 882 1161 972 praecaeteris
1184 880 1249 949 ani-

126 1005 250 1052 mamm
275 985 431 1075 speciebus
453 984 583 1067 eminet,
604 994 670 1052 tum
692 984 765 1074 quia
781 994 827 1052 est
842 984 938 1055 forma
955 986 1123 1054 formarum
1139 983 1251 1052 intelli·

126 1085 278 1177 gibilium,
302 1087 415 1157 seilicet
435 1089 602 1177 receptioe,
627 1086 776 1175 siquidem
801 1086 833 1153 in
856 1107 888 1156 se
911 1087 1043 1179 recipere
1066 1097 1164 1178 potest
1178 1105 1247 1176 spe·

125 1187 187 1256 cios
221 1189 424 1280 intelligibiles
459 1190 601 1260 omnium
623 1189 740 1260 rerum.
770 1189 869 1269 Quare
895 1190 995 1260 anima
1032 1192 1145 1262 dicitur
1183 1210 1251 1260 esse

130 1311 145 1352 a
171 1292 397 1379 quodammodo
423 1293 525 1362 omnia
549 1311 602 1382 pen
622 1291 871 1364 assimilationem
890 1295 931 1363 'ad
955 1296 1058 1364 omnia
1075 1293 1087 1331 ²
1106 1319 1136 1380 a,
1158 1302 1250 1384 atque

126 1390 302 1464 huiusmodi
325 1406 370 1464 est
392 1396 510 1464 rollone
531 1395 734 1483 potatui-ltalia
770 1401 797 1462 el
824 1395 1015 1483 suscipientis
1038 1396 1074 1480 3;
1099 1393 1248 1486 siquidem

127 1519 143 1561 a
170 1495 342 1570 intellectus
356 1519 451 1586 agens
479 1519 542 1566 non
565 1507 613 1568 est
634 1509 706 1566 actu
730 1497 816 1586 plene
838 1507 972 1588 respectu
997 1498 1151 1584 omnium,
1175 1497 1248 1586 quia

124 1616 189 1668 non
213 1611 259 1667 est
276 1602 362 1688 pleno
378 1623 482 1690 agens,
498 1612 530 1672 et
545 1600 613 1672 ideo
628 1601 744 1690 indiget
760 1600 856 1669 iuuari
879 1601 1105 1690 acognoscibili
1120 1601 1156 1668 ad
1179 1601 1247 1688 hoc,

125 1701 287 1791 quodliet
310 1702 341 1771 in
364 1713 435 1771 actu
457 1703 508 1773 ⁴».

170 1800 222 1870 tl.
248 1804 432 1876 densamus
456 1826 515 1877 asu
538 1824 680 1875 alumne
703 1824 898 1875 cananum.
927 1827 942 1869 a
968 1805 1138 1893 appetitus,
1155 1804 1198 1872 ait
1220 1823 1248 1875 s.

125 1902 270 1995 Thomas,
296 1907 425 1995 proptia
441 1918 488 1976 est
511 1907 553 1976 rei
578 1907 715 1975 nondum
739 1906 859 1975 babilae
882 1908 943 1975 ⁵».
971 1906 1248 1998 Proptiequidem,

125 2027 197 2077 nam
221 2008 247 2079 si
270 2009 423 2101 appetitus
447 2009 602 2079 fastidium
625 2010 788 2098 excludat,
813 2021 905 2099 atque
935 2011 1031 2080 salam
1055 2011 1181 2079 allectus
1203 2009 1250 2078 in·

125 2110 297 2179 tensionem
313 2111 488 2201 significet,
512 2112 602 2182 etiam
627 2110 726 2199 illud,
740 2112 825 2200 quod
848 2111 977 2200 perlecto
1001 2113 1142 2199 babetur,
1167 2111 1249 2181 desi·

124 2211 224 2280 denari
246 2212 370 2285 dieitur.
402 2215 468 2284 Hoc
490 2217 584 2284 modo
610 2217 648 2283 de
671 2213 820 2304 Angelis,
843 2215 898 2304 qui
922 2215 1052 2304 pellente
1075 2215 1171 2283 Deum
1196 2235 1249 2283 co·

122 2329 290 2404 quoscunt,
314 2328 345 2387 et
367 2320 557 2392 delectantur
579 2317 610 2388 in
635 2318 716 2407 ipso,
731 2317 844 2389 dicitur
866 2318 949 2407 quod
972 2318 1144 2386 desidetant
1167 2317 1248 2385 Eum

120 2437 307 2507 oognoseece
331 2423 356 2491 ⁶.
424 2477 426 2481 ,

165 2520 232 2591 ΙΙΙ.
256 2525 281 2590 Α
306 2544 408 2594 seusu
431 2541 661 2594 ntsnnmumvo
678 2541 720 2591 an
745 2535 966 2591 collecatum
990 2541 1055 2591 nou
1072 2540 1186 2612 vanna,
1200 2539 1248 2590 tn·

83 2692 87 2697 .
122 2645 233 2696 tarto.
258 2625 379 2695 Scilicet
401 2649 418 2694 a
442 2625 577 2716 partibus
600 2644 739 2693 seorsum
763 2620 874 2692 sumtis
896 2622 935 2689 ad
959 2632 1059 2705 totum
1083 2641 1148 2691 non
1171 2621 1249 2690 valet

122 2730 313 2797 oonsecutio.
336 2730 422 2810 Quod
445 2729 569 2818 quidem
592 2747 697 2796 vectam
720 2737 794 2814 est,
818 2725 844 2796 si
878 2736 988 2814 agatur
1009 2725 1046 2793 de
1070 2725 1247 2815 praedicatis

121 2830 373 2919 accidentalibus,
399 2853 462 2900 non
484 2843 586 2900 autem
611 2829 637 2898 si
660 2831 699 2899 de
721 2826 896 2917 praedicatis
924 2827 1145 2915 essentialibus,
1168 2848 1246 2916 quae
1337 2879 1341 2886 .

121 2943 277 3020 natumm,
301 2945 332 3001 et
352 2936 514 3004 essentiam
538 2933 704 3022 attingunt.
731 2932 816 3000 Valet
844 2930 927 2999 enim
951 2929 1008 2999 ista
1033 2929 1138 3024 illatio:
1156 2928 1246 3019 quili-

119 3035 171 3103 bet
194 3037 271 3125 lapis
292 3048 337 3105 est
359 3059 415 3106 ens
437 3057 639 3127 corporeum3
660 3055 739 3124 engo
761 3045 824 3103 tota
848 3033 985 3125 lapidum
1002 3033 1161 3101 molescat
1175 3051 1245 3098 ool·-

119 3158 227 3226 pocea.
253 3138 381 3209 Pariter:
407 3139 542 3219 Quilibet
572 3141 667 3208 liomo
689 3147 736 3207 est
758 3135 940 3219 rationalis;
964 3155 1039 3225 ergo
1062 3144 1126 3202 tota
1149 3129 1249 3201 homi·

119 3261 200 3309 num
224 3243 364 3313 collectio
398 3254 444 3312 est
472 3241 640 3313 mtionalis.
667 3239 756 3310 Ratio
788 3250 859 3330 est,
884 3239 955 3330 quia
979 3237 1148 3329 praedicata
1170 3235 1247 3306 acci·

118 3343 254 3414 dentalia
275 3358 306 3414 et
329 3345 528 3435 quantitative
552 3346 690 3435 partibus
711 3344 899 3415 conveniunt
922 3340 1062 3432 praecise,
1089 3350 1126 3410 ut
1148 3349 1249 3430 pallet

156 3585 182 3657 ¹)
200 3584 230 3644 8.
250 3584 333 3662 Bon„
351 3587 381 3644 ln
395 3587 448 3650 tib.
469 3586 504 3643 ΙΙΙ
522 3588 615 3659 Sene,
634 3586 704 3645 llist.
723 3583 826 3653 xxm,
845 3599 874 3640 a.
896 3581 921 3656 1,
940 3600 968 3653 q.
992 3579 1004 3637 l
1026 3581 1061 3638 ad
1079 3595 1144 3652 orn.

155 3674 182 3743 ²)
201 3673 230 3729 S.
250 3675 332 3744 llum,
352 3675 383 3730 ln
402 3674 453 3732 lib.
472 3675 483 3729 Ι
503 3675 595 3744 Sene,
621 3673 690 3730 Dist.
710 3672 756 3741 ΙΙΙ,
777 3687 805 3741 p.
826 3669 865 3740 1⁸,
884 3685 912 3727 a.
935 3668 961 3741 Ι,
981 3686 1009 3742 q.
1032 3667 1043 3723 l
1065 3670 1107 3725 ud
1124 3679 1192 3740 arq.

158 3757 182 3827 Ἰ
201 3758 230 3815 lo
251 3760 300 3815 lib.
318 3758 330 3825 ,Ι
351 3761 444 3830 Sene,
464 3762 532 3817 Dist.
553 3760 628 3824 ΙΙΙΙΙ,
648 3775 675 3829 p.
698 3756 737 3829 lt,
756 3757 825 3814 dub.
844 3756 872 3812 8.
1043 3790 1045 3794 -

155 3844 182 3913 ⁴)
202 3845 232 3900 ln
253 3847 300 3901 lib.
322 3847 345 3901 ll
364 3847 456 3916 Sene,
474 3847 543 3903 Dist.
564 3844 624 3916 vlt,
645 3859 671 3914 p.
695 3842 733 3912 1⁸,
752 3858 781 3898 a.
803 3839 829 3911 Ι,
850 3859 877 3912 q.
898 3838 916 3896 3
934 3841 974 3896 ud
992 3855 1061 3912 aeq.

153 3929 181 3999 ⁵)
199 3929 231 3986 lu
252 3930 299 3988 lib.
320 3931 330 3986 Ι
350 3933 444 4003 Sene,
465 3931 532 3989 Dist.
554 3931 647 4000 ΧΙΝ,
677 3947 705 4001 q.
725 3931 749 4000 Ι,
767 3945 795 3984 a.
816 3925 828 3980 l
850 3929 885 3983 ud
909 3925 933 3980 Ι.
957 3927 1095 3981 tllonttm
1118 3933 1244 3994 expecta·

121 4020 184 4069 tum
203 4017 298 4089 gignit
316 4019 499 4088 cupiditatem
521 4033 547 4088 ις
558 4033 582 4072 s.
603 4015 702 4070 lonnn.
723 4015 868 4083 Damaso,
889 4012 932 4067 De
945 4007 1020 4069 Fide
1033 4009 1114 4066 Ortd.
1128 4050 1136 4079 ,
1150 4008 1198 4064 lib.
1213 4007 1244 4074 ll,

121 4114 150 4154 c.
181 4099 225 4156 12.
249 4103 384 4173 «Omne,
403 4105 478 4174 qnod
499 4102 672 4158 desiderium
692 4111 822 4159 nostrum
841 4097 937 4172 fugit,
966 4097 1147 4169 stupiditatem
1165 4107 1246 4149 exm-

118 4198 166 4242 cet
187 4203 214 4258 η
233 4204 257 4244 s.
278 4191 365 4262 (ἕως.
387 4191 512 4256 Nauium,
531 4191 612 4247 Orat.
635 4189 707 4246 XVl.
1126 4198 1128 4203 '
1169 4198 1172 4204 '

153 4270 547 4347 ⁶)lPetr.,e.l,v,12.·
