2760 4770
178 242 223 310 bl
618 237 710 303 -l
741 272 774 287 -

135 354 298 426 teretium
323 350 506 446 principium
534 350 616 441 quod
639 362 809 440 operatur;
835 349 916 418 unde
939 358 1026 417 aetus
1047 362 1123 421 sunt
1148 375 1262 447 suppo·

130 462 259 530 sitorum
282 479 348 528 non
370 457 519 541 elicitiee,
543 455 595 525 sed
618 456 856 541 denominative,
885 473 994 542 nempe
1025 455 1164 525 actiones
1193 469 1263 527 sunt

131 559 291 652 suppositi,
317 573 473 648 tamquam
501 557 620 647 agentis
642 564 677 628 at
698 557 802 649 qaod,
827 567 953 626 naturae
977 579 1076 643 tero,
1103 569 1260 647 tamquam

132 665 251 754 agentis
265 670 299 733 at
314 682 385 752 qao.
399 663 448 732 Sic
468 664 563 731 bomo
578 661 777 759 ratiocinatur
793 670 948 749 tamquam
966 659 1154 751 principium
1169 663 1259 750 qaod,

133 765 245 853 anima,
274 773 426 854 tamquam
450 763 631 854 principium
655 783 729 852 quo.

176 868 254 936 Hine
277 868 308 936 in
323 866 457 954 Christo,
479 866 535 937 etsi
559 886 619 934 una
635 854 833 952 sit'Persoua,
851 875 965 952 tamen,
987 862 1060 954 quia
1083 865 1165 934 duae
1187 876 1261 934 stret

133 985 282 1060 naturae,
318 968 446 1056 Divina,
476 978 507 1038 ει
536 969 698 1055 bumana,
728 967 807 1036 duae
836 966 1025 1056 operationes
1051 969 1263 1057 agnoscendae

131 1085 217 1156 sunt;
242 1073 391 1166 siquidem
419 1070 626 1161 principium,
649 1092 713 1160 quo
734 1071 868 1158 operatio
890 1069 1019 1157 elicitur,
1044 1092 1110 1165 uon
1134 1093 1262 1159 persona

131 1173 190 1265 εει,
213 1177 265 1246 sed
289 1185 407 1245 eatena.
449 1175 616 1260 atamen,
646 1172 794 1262 quoniam
822 1192 884 1241 una
907 1185 953 1244 est
976 1171 1008 1241 in
1030 1173 1077 1246 Eo
1100 1175 1261 1261 Persona,

132 1300 242 1368 nempe
266 1280 426 1363 Verbum,
450 1299 548 1347 unum
570 1288 617 1346 est
645 1276 839 1368 principium,
863 1278 944 1366 qaod
972 1276 1037 1349 illas
1060 1276 1144 1348 elicit
1166 1280 1261 1351 ectio-

132 1401 214 1462 nes;
239 1403 277 1453 ex
298 1403 361 1471 quo
389 1381 452 1466 fit,
488 1390 524 1448 ut
546 1380 735 1471 operationes
764 1380 918 1451 humanae
940 1379 1014 1449 llius
1035 1380 1257 1471 theandricae,

132 1502 187 1551 seu
210 1482 386 1553 Dei-vitiles
412 1479 565 1568 dieantur,
582 1479 652 1570 quia
676 1481 856 1573 participant
879 1483 1023 1552 virtutem
1038 1483 1165 1554 Divinae
1189 1505 1259 1574 ope-

132 1584 267 1655 rationis.

174 1688 283 1756 XXXl.
308 1686 410 1759 turus
433 1707 603 1759 nureruuer
627 1707 787 1759 eucrounu
810 1708 930 1760 norun.
954 1688 1170 1778 Scilicet-,actui
1188 1692 1255 1764 aab·

131 1792 275 1879 stantiali,
298 1811 408 1882 nempe
432 1790 487 1878 illi,
522 1812 574 1881 per
600 1813 692 1879 quem
716 1790 819 1861 resin
843 1813 898 1860 sua
920 1792 1019 1882 speeie
1041 1793 1253 1882 constituitur,

129 1893 208 1963 alius
229 1903 315 1963 actus
336 1892 529 1962 aeeideutalis
552 1892 693 1962 advenire
719 1891 843 1981 quidem
867 1903 988 1983 potest,
1012 1894 1066 1983 qul
1090 1895 1177 1966 illam
1201 1899 1256 1967 ali-

130 2019 193 2088 quo
216 1997 309 2066 modo
331 1993 453 2083 alliciat,
479 2007 551 2084 puta
574 1994 757 2064 humanitati
777 1995 927 2085 doctriua,
944 2007 975 2065 at
989 2018 1163 2086 numquam
1179 2001 1256 2069 alius

130 2109 216 2168 aetas
237 2097 459 2178 substantialia
484 2097 632 2186 siquidem
659 2096 753 2169 unius
775 2096 821 2168 rei
844 2119 908 2169 non
930 2098 990 2168 uisi
1006 2122 1104 2183 unum
1120 2121 1188 2174 esse
1204 2123 1256 2194 po·

131 2210 190 2271 test
212 2223 275 2270 ease
296 2199 504 2271 substantiale.
1144 2245 1156 2255 -

137 2337 139 2340 ·
176 2303 242 2372 lloo
263 2304 354 2372 elleto
376 2323 486 2372 omnes
517 2300 538 2369 ii
560 2301 755 2388 refutantur,
790 2303 844 2394 qui
873 2303 1007 2374 animam
1041 2303 1257 2377 intellectivam

132 2403 256 2475 unicum
281 2403 313 2474 in
336 2402 461 2475 bomine
483 2425 550 2476 esse
578 2411 683 2474 aetam
704 2405 933 2478 substantialem
955 2407 1140 2478 inficiantur.

175 2505 596 2586 XXXll.Xurususnou1
631 2527 778 2585 suenum
813 2529 854 2580 un
887 2530 1085 2583 utsrmeurr.
1122 2511 1254 2584 Nomine

131 2617 216 2680 aaa
236 2611 295 2680 boc
326 2612 393 2679 loeo
424 2609 606 2699 intelligitur
640 2609 738 2679 lorma
773 2609 992 2685 substantialis.
1017 2613 1117 2694 Quare
1147 2636 1255 2687 seusus

132 2712 255 2803 praelati
278 2711 437 2782 axiomatis
459 2721 526 2799 est,
551 2722 667 2798 aetum,
691 2730 747 2781 seu
770 2709 900 2781 sormam
929 2715 1164 2786 substantialem
1188 2719 1255 2789 elli·

130 2835 211 2905 aere,
236 2825 271 2885 ut
293 2814 462 2903 composita
484 2813 516 2883 in
538 2823 621 2885 certa
644 2812 743 2904 speeie
765 2817 1003 2906 constituantur,
1021 2827 1050 2888 et
1070 2820 1110 2887 ab
1124 2820 1195 2890 aliis
1208 2820 1253 2889 di-

130 2918 338 3010 stinguantur.
363 2915 452 3009 ng,
476 2918 573 2988 homo
596 2937 649 3006 per
670 2915 804 2986 animam
820 2918 1012 3010 rationalem,
1029 2933 1171 3010 quaeest
1186 2923 1251 2997 eius

130 3023 239 3110 larena,
265 3044 281 3092 a
304 3020 412 3093 ceteris
434 3019 641 3091 animantibus
663 3019 865 3110 distinguitur
888 3021 913 3090 ¹.

175 3125 312 3200 XXXlll.
337 3127 444 3196 ,lenus
468 3146 528 3196 usn
552 3143 733 3202 renrnuno
757 3144 952 3198 torennae.
978 3124 1096 3218 Nempe
1116 3127 1151 3197 ι’
1167 3142 1251 3202 εειεε

130 3229 314 3315 rutilatione,
340 3248 394 3298 seu
417 3249 466 3300 res
489 3227 633 3315 existens,
657 3235 704 3296 est
728 3227 868 3317 perfectio
897 3227 1048 3318 potentiae
1069 3229 1247 3321 obtectam,

130 3330 205 3401 idest
227 3330 315 3419 eius,
338 3331 422 3422 quod
445 3332 584 3402 nondum
612 3328 716 3401 existit
739 3330 765 3399 ².
801 3332 834 3404 X·
857 3333 951 3405 Actus
980 3333 1130 3423 potentiae
1153 3340 1247 3427 passi-

129 3455 196 3524 vae,
214 3454 267 3523 per
288 3455 383 3522 quam
406 3455 516 3524 nempe
537 3454 592 3502 eus
613 3430 811 3503 constituitur
833 3435 947 3524 aliquid
963 3433 1125 3523 reeipiendi
1141 3459 1246 3530 capax,

127 3547 173 3607 est
196 3536 339 3626 perfectio
360 3536 496 3608 eiusdem
520 3534 671 3626 palentiae
695 3537 837 3626 passivae,
855 3537 1005 3626 siquidem
1022 3539 1096 3605 baec
1112 3538 1245 3626 poteritio

128 3639 286 3732 perficitur
308 3643 326 3708 a
347 3660 407 3710 suo
429 3649 510 3729 aeto,
535 3661 564 3710 e.
589 3661 635 3728 g,
661 3634 760 3729 figura
783 3640 918 3712 Caesaris
940 3650 1011 3709 actu
1034 3638 1068 3709 in
1091 3661 1245 3713 marmore

127 3743 262 3834 inculpta
284 3741 402 3832 perlicit
427 3741 623 3832 capacitatem
660 3741 822 3814 marmoris
843 3743 882 3812 ad
905 3741 988 3813 illam
1012 3741 1148 3830 figuram
1172 3744 1246 3814 reei-

125 3845 278 3934 piendam.
303 3842 453 3914 alceus
477 3840 628 3932 potentiae
649 3841 766 3911 activae
789 3850 888 3932 potest
911 3843 1084 3934 siguificare
1108 3847 1157 3916 vel
1181 3845 1243 3917 eius

123 3945 355 4035 adnot-itatem,
379 3967 417 4015 eo
441 3945 558 4034 modo,
583 3963 645 4034 quo
667 3940 729 4012 eae
750 3952 797 4013 est
819 3942 975 4014 actualitas
998 3945 1173 4040 essentiae,
1199 3949 1243 4019 rel

165 4178 189 4248 lt
207 4177 271 4234 vid.
291 4176 405 4235 Furiae
422 4175 638 4248 eateteatiette,
657 4172 760 4234 trien.
836 4224 839 4229 .

162 4262 190 4334 ²)
206 4261 268 4319 vid.
290 4261 422 4322 Potentia
440 4260 770 4334 coactive-meterent,
788 4257 843 4320 litt.
863 4261 898 4320 P.
