2760 4770
179 202 245 277 tut
611 239 659 259 —
682 206 694 273 l
717 245 762 258 -

131 320 269 410 Angelus
306 332 354 392 est
377 320 567 395 indivisibilis
590 327 751 414 lupetius,
776 321 848 414 quia
872 342 928 393 neo
965 318 1175 411 extenditur,
1210 344 1262 394 nm

131 425 254 494 extendi
292 436 393 515 potest
430 426 461 494 iu
494 438 607 517 pantes,
642 429 829 496 indivisibile
861 430 1054 516 piivutivum
1090 440 1142 498 est
1178 430 1261 517 quod

131 525 256 615 quidem
285 547 350 596 non
372 526 463 595 babet
484 539 594 616 partes,
628 538 726 617 potest
749 539 864 615 tamen,
890 529 987 598 immo
1014 529 1115 618 exigit
1134 549 1186 599 eas
1209 532 1261 598 ba·

131 627 215 699 bero.
257 628 322 697 lloo
344 631 440 699 altero
475 631 568 699 mulo
604 631 774 700 substantia
808 632 992 719 materialis,
1024 633 1052 703 si
1090 633 1261 702 considere-

132 742 185 799 tur
200 729 345 798 abstracta
370 752 386 797 a
408 732 602 818 quantitate,
629 741 698 821 aut,
727 732 752 800 si
786 731 932 803 divinius
955 733 1128 822 quantitate
1153 735 1262 823 spolie·

131 845 210 920 tun,
233 843 280 902 est
302 831 515 913 indivisibilis;
545 832 693 920 siquidem
716 843 784 901 actu
808 854 870 903 non
895 835 985 903 habet
1008 844 1128 925 pavtes,
1165 846 1261 921 potest

130 944 250 1020 umen,
277 935 372 1003 immo
396 935 577 1021 natumlitov¹
600 938 776 1025 expostulat
806 957 862 1026 eas¹
886 938 995 1008 liabeve
1019 958 1071 1028 pen
1095 935 1259 1008 adventum

130 1038 318 1125 quantitatis,

177 1140 257 1211 Xlll.
285 1142 497 1212 luovvisvnvtu
523 1160 904 1212 stantun—uananntun.
924 1140 1114 1212 indivisibile
1129 1143 1257 1231 dmum

131 1241 243 1310 dieitur
266 1263 376 1329 unum,
400 1245 483 1332 quod
507 1255 552 1310 est
583 1240 765 1332 principium
789 1242 965 1330 quantitatis
986 1244 1148 1313 disovetae:
1177 1246 1256 1314 ludi·

131 1344 247 1412 visibile
268 1345 427 1412 materiale
458 1353 581 1411 vocatur
607 1354 767 1433 punctum,
791 1345 874 1432 quod
889 1354 935 1414 est
950 1343 1139 1435 principium
1162 1368 1255 1437 qnan-
1295 1386 1297 1393 ·

132 1444 228 1515 titatis
250 1446 414 1514 continuae
430 1445 498 1515 ¹.ldt
520 1465 603 1530 sane,
630 1455 778 1533 punctum
806 1455 853 1514 ost
874 1445 1069 1534 indivisibile,
1096 1449 1172 1537 quia
1195 1471 1255 1537 pav-

130 1558 177 1617 tes
198 1549 376 1636 quantitatis
397 1547 560 1617 continuae
587 1549 742 1616 connectit
764 1559 796 1616 et
819 1547 973 1630 terminat,
996 1548 1022 1615 si
1044 1547 1132 1617 enim
1155 1552 1250 1639 illud,

131 1652 214 1738 quod
237 1659 336 1738 partes
357 1652 443 1740 unit,
467 1651 534 1720 aliis
558 1651 695 1740 partibus
717 1661 879 1737 constaret,
905 1650 1004 1740 ipsum
1022 1651 1128 1740 potius
1142 1654 1252 1743 indiga

128 1763 175 1821 vet
198 1753 332 1838 vinculo,
355 1773 419 1843 quo
442 1755 626 1834 unirentur,
658 1774 751 1842 quam
778 1762 873 1841 partes
904 1751 1066 1820 terminare
1091 1766 1122 1822 ot
1145 1775 1252 1824 conne-

128 1868 211 1925 cleve
234 1868 348 1945 posset.
375 1857 428 1924 nst
452 1867 554 1925 autem
579 1857 747 1942 maleviale,
771 1855 842 1943 quia
865 1854 954 1924 babet
979 1853 1175 1942 positionem,
1198 1856 1251 1925 sive

129 1957 233 2026 situm:
263 1983 279 2021 a
305 1960 462 2040 Quodnam
487 1958 718 2048 (indivisibile)
742 1958 832 2025 habet
862 1955 964 2024 insui
988 1957 1111 2025 natione
1144 1958 1251 2046 aliquid

128 2074 247 2149 praeter
271 2062 420 2130 nationem
445 2061 703 2146 indivisibilitatis,
734 2072 768 2128 ut
792 2070 951 2148 punctum,
972 2060 1055 2147 quod
1076 2071 1198 2146 {viantes
1213 2059 1251 2127 in·

10 2168 13 2173 '
125 2163 307 2231 divisionem
331 2164 423 2231 babet
445 2163 554 2232 situm.
579 2162 702 2249 Aliquid
733 2181 804 2230 vero
827 2172 883 2249 est,
900 2161 983 2248 quod
1001 2160 1079 2228 nibil
1095 2162 1179 2229 aliud
1203 2162 1253 2228 im·

128 2275 241 2353 ponat,
265 2267 315 2335 sed
339 2279 384 2336 est
407 2266 469 2354 ipsa
493 2287 547 2333 sua
577 2263 813 2350 indivisibilitas,
838 2273 872 2329 ut
888 2265 1001 2349 unitas,
1018 2275 1163 2351 quaeest
1178 2263 1253 2354 prin·
1294 2274 1297 2291 ¹

129 2367 243 2456 cipiunt
268 2369 399 2450 numeru
424 2380 454 2435 et
479 2378 580 2435 tamen
604 2366 741 2434 inbaoret
770 2364 870 2452 alicui,
894 2367 974 2452 qual
992 2386 1055 2433 uoti
1080 2377 1129 2432 est
1152 2388 1252 2436 suau-

128 2466 649 2553 msfflmmmmfflv

173 2571 321 2658 iamvotu,
348 2582 494 2659 punctum
520 2571 629 2638 bobeta
649 2570 831 2660 positionem
855 2568 994 2654 (licitur,
1020 2588 1085 2636 non
1110 2571 1200 2658 quasi
1220 2592 1253 2638 aa

126 2673 376 2762 pa1·tibus,quao
400 2673 579 2760 positionem
611 2671 688 2739 intes·
711 2692 743 2739 se
767 2672 890 2756 liabent,
915 2679 1044 2756 constet,
1071 2692 1160 2761 naui,
1186 2694 1253 2742 eum

126 2775 229 2865 ipsum
253 2794 316 2843 nou
339 2774 378 2841 sit
401 2774 515 2862 speeies
546 2773 753 2863 quantitatis,
779 2774 830 2840 sed
854 2770 1037 2860 principium
1060 2777 1250 2863 quantitatis,

127 2886 227 2965 partes
250 2898 314 2946 uon
337 2877 440 2945 habet.
473 2879 538 2964 Ast,
562 2875 712 2965 qnoniam
735 2887 782 2945 est
806 2874 987 2965 principium
1014 2874 1123 2964 lineae,
1149 2900 1251 2967 queue

126 2980 197 3046 dam
220 2978 358 3049 ordinem
382 2980 419 3047 ad
445 2990 544 3068 pantos
565 2979 643 3066 eius,
661 3000 739 3068 qum
764 2978 944 3069 positionem
969 2980 1048 3045 intes
1070 3000 1105 3049 se
1128 2981 1249 3069 habeut,

129 3091 231 3149 tenuat
253 3103 376 3152 necesse
398 3093 455 3151 est.

175 3183 362 3251 blonondum
385 3184 475 3251 otiam
499 3183 549 3251 hie
571 3195 629 3271 est,
650 3182 706 3252 etsi
732 3193 893 3272 punctam,
910 3183 992 3271 quod
1007 3192 1052 3251 est
1069 3183 1251 3274 principium

126 3282 294 3368 continui,
320 3284 358 3349 sit
391 3285 617 3372 quodammodo
645 3283 853 3369 indivisibile,
881 3293 982 3363 tamen
1009 3285 1197 3356 continuum
1218 3312 1250 3359 ex

127 3385 202 3456 solis
237 3386 468 3457 indivisibilibus
491 3410 552 3456 non
576 3400 743 3474 constare,
768 3390 1025 3478 quomadmodum
1049 3411 1087 3458 es
1111 3391 1158 3463 eis
1182 3417 1250 3463 con·

126 3497 187 3554 stat
209 3508 355 3556 numerus
380 3488 404 3557 ³.
429 3489 564 3576 Etenim,
597 3502 632 3557 ut
655 3489 727 3558 suite
751 3488 879 3559 loannes
901 3513 919 3558 a
943 3514 969 3560 s.
993 3490 1115 3562 Thomu
1139 3495 1271 3586 inquit,

127 3610 144 3652 a
170 3588 349 3657 indivisibile
372 3593 502 3676 pertinet
531 3592 569 3659 ad
590 3592 775 3661 continuum
799 3593 992 3664 terminando
1014 3605 1044 3664 et
1067 3599 1250 3670 continuan-

125 3689 389 3773 damnantem
419 3705 519 3780 partes
551 3692 714 3763 divisibiles
739 3693 934 3780 praebendo,
960 3699 1042 3767 unde
1064 3720 1130 3768 non
1158 3714 1254 3793 potest

125 3793 321 3880 coutinuum,
337 3795 421 3884 quod
443 3797 536 3867 babet
555 3808 666 3888 partes,
690 3797 762 3866 solis
776 3797 1009 3870 indivisibilibus
1022 3811 1180 3895 constane,
1196 3805 1252 3876 sic·
1287 3812 1290 3817 '

165 4021 189 4088 ¹)
207 4021 270 4079 vid.
290 4023 353 4082 utu.
373 4028 426 4100 bb,
447 4027 545 4101 Papa,
566 4028 614 4086 lib.
636 4028 669 4102 t,
691 4040 774 4088 tract.
795 4030 831 4100 ll,
850 4046 877 4088 e.
900 4030 925 4087 l.

161 4109 185 4264 33
204 4109 419 4269 &dvalpmihp
439 4114 487 4175 uu.
509 4112 630 4193 toene,
652 4118 721 4179 nisi.
741 4117 841 4191 xxiv,
861 4137 889 4194 q.
909 4120 931 4195 t,
953 4135 981 4180 a.
1002 4118 1016 4178 t
1035 4126 1097 4186 vot.
