2760 4770
120 389 192 456 nim
207 396 343 477 respectu
366 388 490 457 ulterius
507 389 531 466 ¹;
551 408 633 471 nam,
658 407 730 454 eum
755 387 896 454 rolrmtas
918 406 934 452 a
957 384 1092 474 ‹pratibet
1115 385 1246 455 naturali

121 491 296 559 necessitato
319 493 357 559 sit
381 489 539 575 immunis,
569 490 631 558 suis
655 489 772 557 actibus
795 490 982 576 dominatur,
1007 501 1037 557 et
1061 490 1126 558 ideo
1148 500 1248 578 potest

120 593 193 678 troo,
220 595 265 660 rol
290 592 361 660 iliud
384 592 506 681 eligere.
531 590 629 670 Quare
655 589 775 657 libertas
799 589 914 657 arbitrii
930 593 1021 677 rotgo
1045 591 1157 659 dicitur
1181 592 1241 675 itta,

119 715 182 783 qna
204 716 310 784 agens,
336 694 442 783 positis
465 693 610 762 omnibns
626 693 662 759 ad
677 694 830 780 agendum
852 691 1093 780 conditionibus,
1119 713 1181 759 non
1197 704 1249 762 est.

120 808 231 864 natura
248 818 303 865 sua
319 797 358 864 ita
373 796 608 866 determinatum
634 795 670 861 ad
694 816 804 878 unum,
823 805 857 861 ut
881 815 943 862 non
969 794 1061 881 possit
1075 792 1158 861 aliud
1183 795 1246 860 ret-

121 900 161 984 le,
185 900 236 966 sed
262 897 395 987 procedit
416 919 488 965 eum
513 894 734 981 mentuenda,
759 916 905 964 seucum
930 906 1077 985 potestate
1102 894 1242 983 ponendi,

123 1003 172 1071 nel
188 1023 251 1072 non
268 1000 399 1090 ponendi
414 1010 531 1086 actum,
557 1009 630 1086 puta
654 998 813 1080 scribendi,
839 1000 884 1066 rel
907 1018 971 1066 non
994 999 1168 1083 scribendi,
1192 1007 1246 1064 aot

121 1103 254 1191 ponendi
277 1112 363 1172 aetus
385 1101 552 1170 contrarios
575 1101 655 1169 cirea
679 1103 760 1170 idem
782 1100 955 1185 obiectum,
980 1112 1015 1167 ut
1037 1120 1191 1185 amorem,
1216 1108 1249 1166 et

121 1205 258 1292 odium,
284 1205 449 1272 autetiam
474 1201 603 1291 ponendi
628 1212 715 1271 actus
747 1213 866 1269 tantum
895 1202 1087 1290 disparatos,
1112 1211 1147 1268 nt
1170 1201 1246 1269 scri-

123 1306 225 1393 bere,
251 1306 298 1374 vel
321 1305 490 1372 ambulare.
518 1302 649 1370 Potestas
674 1302 815 1390 ponendi,
839 1303 885 1370 rol
909 1324 971 1371 non
996 1301 1134 1389 ponendi
1148 1311 1252 1369 aetum

122 1408 292 1496 appellatur
313 1407 437 1474 libertus
459 1405 729 1489 contradictionis,
754 1403 823 1492 quia
846 1415 892 1472 est
915 1404 993 1472 inter
1016 1415 1149 1473 extrema
1172 1425 1247 1470 con-

124 1508 300 1577 tradictorie
323 1509 471 1596 opposita:
500 1517 631 1595 potestas
649 1504 779 1595 ponendi
803 1515 888 1574 aetus
911 1505 1093 1593 contrarioa,
1118 1509 1163 1573 rel
1187 1507 1249 1574 dis-

122 1620 258 1698 paratos,
284 1609 407 1679 libertas
430 1609 669 1698 specificatione,
686 1629 765 1696 quae
781 1608 879 1698 magis
903 1608 1023 1696 proprie
1046 1606 1156 1675 dieitur
1177 1628 1248 1674 eote-

125 1712 308 1799 trarietotir,
333 1712 360 1782 si
387 1720 474 1780 aetus
497 1711 558 1779 sint
587 1710 733 1778 contrarii
751 1710 762 1746 ²
781 1737 790 1792 3
815 1721 845 1778 et
868 1709 991 1778 libertas
1014 1710 1114 1798 qnond
1135 1710 1250 1777 indidi-2

125 1816 238 1904 ditum,
265 1816 288 1885 si
309 1827 448 1884 versatur
468 1816 548 1883 eirca
564 1813 648 1880 huno
663 1814 709 1881 rel
734 1813 821 1880 ilium
843 1823 945 1881 aetum
969 1814 1104 1882 eiusdem
1128 1810 1247 1900 speciei,

121 1928 198 2005 puto
224 1928 355 2008 potestas
377 1915 524 2004 erogandi
549 1914 579 1981 in
606 1934 751 2002 pauperos
773 1916 843 2000 hoe,
870 1912 916 1981 rol
938 1914 990 1980 itto
1015 1914 1119 1983 modo.

169 2016 223 2087 ΙΙΙ.
247 2017 402 2089 Locnruu
425 2015 587 2088 essu-tu
613 2036 694 2087 noco
711 2017 809 2087 'essm
844 2016 1110 2095 Quemadmodum
1135 2037 1161 2085 s,
1187 2017 1247 2083 Bn-

121 2130 294 2189 nerentura
316 2119 482 2206 adnotavit,
507 2121 581 2188 haec
597 2121 658 2188 duo
674 2120 793 2187 ratione
808 2121 931 2190 virtutis
945 2120 1079 2189 uocubnti
1096 2141 1156 2187 non
1174 2130 1246 2187 sunt

125 2222 219 2292 idem.
248 2246 263 2288 t
290 2223 365 2291 Nam
390 2223 464 2291 haee
486 2222 712 2309 determinatim
737 2223 768 2290 in
793 2223 871 2309 loeo,
897 2225 933 2291 ad
958 2225 1016 2293 hoc
1040 2223 1122 2311 quod
1139 2223 1248 2292 lrabeat

123 2325 281 2393 ueritatem
305 2324 434 2410 locutio,
460 2343 522 2391 non
545 2322 652 2411 exigit,
678 2343 733 2389 noc
756 2325 842 2411 ponit
864 2323 922 2391 nisi
947 2326 1244 2411 praesentialitatom,

122 2438 156 2496 ot
178 2425 403 2507 indistantiam;
429 2427 480 2493 sed
506 2445 572 2494 esse
596 2427 728 2493 loentum
754 2424 838 2513 ponit
861 2425 1009 2492 ambitum
1034 2436 1064 2493 ot
1087 2427 1247 2495 eontinen-

125 2530 227 2613 tiam,
251 2528 307 2596 doe
329 2535 371 2595 est
395 2528 544 2617 significet
567 2527 684 2614 aliquid
706 2547 768 2593 esse
791 2529 825 2594 in
848 2527 909 2596 toto
937 2529 1198 2616 eitutnnscriptiue
1222 2530 1246 2601 ³.

123 2632 162 2700 Et
185 2630 253 2700 ideo
276 2633 348 2699 haee
370 2629 557 2717 conceditur,
584 2631 664 2697 Dnns
688 2640 735 2701 ost
759 2629 790 2698 in
813 2631 892 2718 loeo,
909 2631 1048 2720 quamvis
1066 2632 1178 2721 aliquid
1196 2635 1249 2701 ha-

124 2735 194 2803 beat
218 2733 479 2824 improprietatis,
506 2744 630 2821 propter
651 2734 710 2802 hoe
732 2734 814 2819 quod
837 2735 911 2801 haee
934 2734 1123 2822 'praepositio
1147 2737 1180 2803 in
1204 2737 1247 2803 ri-

121 2837 215 2904 detur
249 2835 413 2924 importare
444 2834 664 2903 continentiam
688 2835 884 2921 ambientem,
911 2836 961 2904 sed
985 2837 1058 2905 haec
1082 2848 1128 2907 est
1152 2839 1249 2927 magis

125 2937 304 3029 impropria,
329 2939 409 3033 Deus
431 2950 477 3007 est
501 2941 617 3007 locatus
633 2940 647 2978 ⁴
666 2963 695 3005 n.

151 3038 225 3109 tt.
249 3039 563 3111 Locorum-Siron.
587 3040 704 3128 Corpus
726 3038 836 3107 dieitur
858 3040 1000 3125 loentum,
1027 3049 1117 3127 prout
1135 3038 1166 3107 in
1182 3041 1249 3110 loeo

123 3144 313 3225 continetur,
339 3141 451 3211 dieitur
473 3150 576 3210 autem
600 3144 707 3229 struto,
732 3153 825 3230 prout
855 3142 915 3211 hoe
937 3144 984 3210 rel
1008 3140 1062 3210 illo
1086 3142 1180 3212 modo
1202 3154 1250 3214 est

123 3246 159 3313 in
183 3247 275 3331 locu,
300 3264 355 3313 seu
378 3241 495 3311 ratione
516 3241 659 3324 ordinis,
682 3264 774 3331 quem
798 3253 897 3332 partes
920 3242 1032 3312 liabent
1055 3243 1092 3311 ad
1118 3245 1247 3328 loeum3

124 3360 333 3437 puta·oorpus
355 3344 494 3414 animalis
516 3356 628 3431 stam,
661 3347 768 3414 sedens
795 3357 855 3416 ete.
880 3345 993 3415 dieitur
1027 3348 1148 3429 steina,
1174 3348 1248 3416 haee

124 3448 209 3519 enim
231 3448 370 3517 ordinem
395 3447 526 3534 partium
549 3446 587 3513 ad
611 3447 714 3513 loeum
738 3445 912 3534 significant
927 3449 953 3516 ⁵.

135 3590 139 3599 ·
173 3551 210 3622 t.
238 3550 344 3620 Locus
368 3566 853 3619 vuuoanrrun-rrmosornmu
877 3568 1013 3618 sunrus.
1033 3548 1130 3620 Locus
1144 3551 1252 3642 otitpu·

125 3654 203 3723 riter
225 3650 358 3721 sumitur
381 3670 436 3739 pro
458 3669 653 3738 quocumque
669 3649 777 3739 spatio,
795 3651 878 3739 quod
895 3671 1023 3740 corpora
1046 3672 1152 3741 capere
1169 3653 1200 3723 in
1217 3675 1250 3724 se

164 3832 190 3902 ¹)
211 3829 317 3899 1⁸2⁸0,
337 3845 365 3899 q.
385 3827 456 3897 xttt,
476 3844 505 3885 a.
524 3826 543 3884 2
561 3843 587 3884 e.

162 3918 188 3984 2)
207 3917 269 3973 Vid.
290 3931 317 3985 p.
341 3912 549 3983 166.-³)Vid.
571 3929 598 3981 p.
619 3911 666 3970 62.

162 4004 188 4069 4)
208 4001 238 4058 Io
258 4002 307 4057 no.
328 4001 339 4055 t
358 4000 452 4070 Stat,
470 3999 539 4057 Dist.
559 3998 700 4071 xxxvii,
719 4015 745 4070 p.
766 3998 811 4071 2⁸,
831 4015 858 4056 a.
880 4000 902 4070 1,
920 4016 948 4070 q.
969 3998 981 4054 1
1000 4001 1042 4058 ad
1059 4017 1126 4075 erp.

165 4087 191 4157 5)
211 4099 225 4142 ι
245 4086 321 4142 Situs
338 4101 355 4141 a
375 4086 518 4156 positione
535 4085 628 4142 dictos
641 4097 695 4158 est,
715 4094 747 4143 ut
765 4086 829 4158 quis
847 4092 896 4141 ant
914 4094 980 4158 stet,
999 4098 1050 4145 eut
1068 4090 1178 4160 sedeat,
1198 4097 1249 4146 aut

126 4171 234 4313 ἷεξεῖ)
256 4171 348 4310 ιοοῖιῗ
367 4178 410 4227 est
430 4170 478 4227 ubi
497 4172 544 4243 sit,
564 4171 592 4228 in
612 4170 702 4243 foro,
731 4171 760 4228 iu
780 4170 872 4241 platea
886 4186 912 4244 ις
932 4186 955 4230 s.
975 4171 1053 4245 isid,
1073 4176 1249 4247 dementum,

140 4274 148 4311 ι
174 4296 180 4311 .
228 4268 284 4327 ,e
345 4296 352 4312 .
1197 4270 1201 4277 ·
