2744 4770
161 370 215 439 lX.
242 368 385 448 ertnoo'
407 383 561 435 ntrnnun
585 380 815 434 rnnuorcarnn
844 383 886 434 ure
910 381 1068 454 tarano,
1094 382 1248 447 renouata

113 494 159 543 nn
182 489 361 557 southern,
387 485 541 545 ouroourn
566 485 697 536 urerrua
720 485 761 533 na
786 484 1000 555 Pntnnlctro,
1026 489 1068 538 nh
1092 490 1248 543 sumsero

110 594 249 655 aunone
274 590 423 642 uremur.
448 567 492 635 lta
515 565 586 656 quia
609 565 699 633 homo
731 566 920 656 praedicatur
941 567 979 636 de
1004 568 1105 657 Petro,
1128 581 1159 640 ει
1179 573 1247 641 orti-

110 679 179 745 mal
204 677 244 743 de
270 671 411 760 homine,
434 681 465 740 et
487 670 593 738 uirens
614 670 651 738 de
673 669 807 756 animali,
829 681 860 738 ει
882 669 920 738 de
937 669 1053 741 virente
1066 673 1245 762 sataumto,

111 776 342 871 prnmlioahitnr
364 794 488 864 quoque
510 773 548 840 de
570 771 660 840 Petra
676 772 803 859 ortlrnul,
830 774 945 859 vinens,
969 774 1147 844 snhslonlio.
1167 777 1245 846 Nam

113 880 329 974 praedicaturo
352 877 419 945 sine
443 877 491 960 iis,
516 896 593 963 (quae
616 873 772 943 notionem
796 874 862 944 eius
885 875 1090 963 constituunt,
1109 876 1246 947 subiecto

113 995 220 1061 inesse
244 1001 308 1049 non
332 988 445 1067 potest,
462 996 498 1044 nc
521 975 649 1065 proinde
671 997 718 1062 ea,
735 997 814 1064 quare
838 976 1006 1066 praedicato
1023 978 1139 1067 insunt,
1156 978 1247 1050 etiarn

111 1085 271 1169 subiecto,
296 1082 347 1151 cui
370 1078 446 1147 illud
470 1076 658 1164 attribuitur,
683 1075 782 1147 inesse
809 1088 932 1168 oportet
948 1078 971 1147 ¹.
998 1078 1039 1148 Ut
1060 1091 1163 1150 aulem
1187 1082 1247 1150 hoe

112 1186 247 1259 effatum
272 1185 333 1253 rirn
358 1203 445 1251 suain
469 1180 591 1266 haheat,
615 1180 690 1248 haee
705 1180 767 1249 duo
783 1183 1028 1271 expostulamus:
1053 1183 1085 1251 l·
1100 1183 1141 1253 Ut
1156 1181 1243 1271 illud,

114 1289 203 1378 quod
227 1287 265 1355 de
288 1285 461 1374 praedicato
483 1281 611 1352 subiecti
632 1279 1101 1371 dieitur,dioaturutriuersolilor
1123 1295 1155 1358 ει
1175 1307 1245 1355 oon-

113 1390 264 1471 tamtam
289 1388 361 1456 hinc
384 1408 423 1456 ex
446 1406 495 1472 eo,
520 1383 603 1473 quod
626 1384 719 1452 honio
746 1393 793 1452 εει
823 1384 950 1472 anirnal,
966 1394 1058 1476 atque
1072 1388 1185 1458 animal
1200 1400 1246 1459 est

115 1492 282 1577 rationale,
306 1502 338 1560 et
362 1486 558 1573 irrationale,
583 1507 646 1555 non
675 1487 826 1576 seqnitur,
852 1497 886 1555 ut
909 1487 1003 1558 homo
1026 1488 1066 1559 sit
1088 1492 1244 1562 rationalis

116 1606 150 1665 et
175 1592 373 1674 irrationalis
398 1610 470 1661 nant
495 1589 641 1659 rationale
663 1602 694 1660 et
718 1590 891 1661 irrationale
914 1593 1101 1663 conveniunt
1123 1596 1245 1666 homini

118 1698 260 1781 divisim,
285 1715 347 1763 non
371 1694 569 1763 mniurtotim.
588 1693 620 1764 2⁰
644 1693 685 1763 Ut
698 1695 805 1763 eadem
820 1695 860 1763 sit
874 1697 1040 1787 suppositio
1056 1696 1081 1782 ²,
1099 1719 1156 1768 neo
1171 1699 1244 1769 sub-

119 1800 164 1874 sit
185 1797 406 1886 aequivocatio:
431 1796 503 1864 hino
523 1816 560 1865 ex
575 1814 623 1882 eo,
646 1794 729 1885 quod
752 1795 865 1866 animal
889 1797 1077 1887 praelientur
1091 1802 1129 1870 de
1144 1801 1246 1872 honri·

120 1925 186 1989 ne,
209 1911 302 1988 atque
324 1919 421 1988 genus
442 1897 480 1966 de
502 1896 626 1965 animali
646 1950 655 1981 ,
681 1918 743 1967 non
771 1897 932 1988 sequitur,
959 1911 994 1969 ut
1015 1901 1108 1972 homo
1130 1904 1171 1973 sit
1192 1928 1247 1996 ge-

121 2027 195 2094 nus,
220 2025 293 2073 narn
317 1999 497 2091 praedicatio
512 2000 651 2068 animalis
674 2001 711 2071 de
734 2001 859 2071 honrine
873 2014 920 2074 est
943 2005 1046 2091 molis,
1065 2005 1245 2094 praedicatio

120 2121 228 2179 autern
262 2104 383 2195 generis
404 2104 442 2174 de
463 2104 586 2173 animali
608 2114 654 2173 ost
676 2106 881 2175 irttmdionulis
897 2106 922 2194 ³,
947 2106 1077 2196 ideoque
1105 2119 1244 2179 mutatur

121 2210 304 2300 suppositio.
330 2208 405 2277 ltenr
430 2207 534 2276 inlerri
556 2205 663 2298 nequit
677 2206 829 2278 Herodem
845 2231 912 2280 esse
925 2209 1037 2279 animal
1060 2212 1243 2303 quadrupes,

119 2338 160 2387 en
184 2335 222 2383 eo
244 2314 324 2403 equod
349 2315 452 2401 vulpes
473 2321 520 2380 εει
541 2310 653 2381 animal
677 2311 872 2403 quadrupes,
894 2325 927 2383 et
949 2313 1085 2384 llerodes
1106 2325 1153 2384 est
1176 2320 1243 2387 rul-

123 2442 190 2512 pes:
214 2439 281 2487 esse
302 2416 382 2485 eninr
409 2417 528 2504 uulpem
553 2437 617 2484 non
642 2414 830 2507 praedicator
845 2415 883 2484 de
898 2414 1017 2486 Herode
1028 2419 1170 2508 proprie,
1187 2418 1240 2489 sed

122 2519 340 2608 metoplton'oe.
364 2520 462 2598 Quare
485 2541 512 2587 s.
538 2516 672 2588 Thomas
695 2517 816 2588 monuit
839 2518 915 2587 illud
930 2517 1056 2587 ell'alum
1072 2518 1244 2611 intelligen-

125 2626 202 2695 dum
225 2643 289 2692 esse
310 2623 347 2690 de
371 2621 425 2711 iis,
449 2642 528 2710 quae
551 2621 763 2712 praedicantur
785 2642 842 2711 per
865 2643 908 2712 so,
925 2621 983 2693 hos
1004 2631 1052 2692 est
1074 2623 1243 2693 monadum

126 2726 281 2818 propriam
304 2725 463 2812 rationein,
488 2745 541 2794 seu
564 2731 712 2795 ttulttrom
727 2726 755 2796 ⁴.

173 2829 212 2897 X.
236 2829 420 2909 Qonhllrns
452 2851 581 2900 rnuosr
606 2851 717 2900 hanun
752 2850 999 2908 ruousarrsrun
1021 2849 1063 2900 ur
1089 2838 1243 2909 rossont-

128 2953 282 3007 atrsreu.
295 2933 353 3001 Seu
377 2954 425 3002 res
446 2934 681 3002 denominantur
705 2936 856 3024 aequales,
883 2933 926 3002 rel
945 2933 1125 3022 inaequales,
1144 2954 1241 3023 pares,

128 3049 185 3109 aut
206 3037 343 3126 impares,
367 3046 459 3126 prout
479 3039 678 3125 conveniunt,
703 3040 749 3106 rel
773 3059 835 3107 non
853 3038 884 3106 in
900 3035 1081 3125 quantitate,
1097 3035 1160 3106 siue
1175 3059 1240 3106 mo·

129 3139 254 3229 ls's,sire
275 3139 395 3209 uirtutis
417 3139 444 3207 ⁵.
469 3138 547 3208 llino
570 3161 597 3207 s.
615 3138 758 3210 Thomas:
787 3137 993 3229 «loquellas
1015 3148 1061 3207 est
1085 3140 1242 3232 proportio

130 3244 300 3332 aliquorum
323 3241 498 3310 habentium
522 3263 615 3310 unam
638 3243 838 3332 quantitatum
856 3245 902 3310 ⁶».
929 3242 972 3310 lta
993 3241 1071 3312 duae
1088 3243 1242 3334 magnitu·

130 3348 229 3432 dines,
245 3345 376 3413 duorum
392 3345 501 3433 pedum
518 3344 670 3436 singulae,
687 3344 832 3414 dicuntur
852 3346 1004 3432 aequales;
1023 3344 1070 3412 sin
1088 3366 1147 3413 una
1163 3346 1240 3416 duo-

131 3471 226 3535 runr,
248 3448 338 3516 altera
363 3446 455 3516 trium
477 3446 516 3518 sil
540 3450 678 3537 podnrn,
706 3449 876 3538 inaequales
899 3458 1003 3517 erunt.
1030 3448 1169 3515 Attamen
1194 3470 1240 3518 re-

132 3574 202 3623 rum
224 3548 383 3637 aequalitas
406 3549 540 3621 sumitur
561 3550 653 3620 etiarn
677 3572 715 3620 ex
737 3548 973 3635 convenientia,
1000 3551 1043 3618 rel
1067 3572 1124 3619 oon
1139 3552 1240 3620 murri-

132 3653 247 3724 oatione
268 3651 386 3720 illarnrn
411 3651 443 3721 in
466 3651 566 3742 aliqua
590 3652 687 3720 sonna
711 3652 880 3722 secundum
904 3653 1041 3722 eamdent
1065 3654 1240 3745 rationem,

132 3769 162 3828 et
182 3755 319 3827 eumdem
342 3757 479 3826 rnodurn:
509 3780 524 3822 a
549 3756 716 3844 Quaedam,
740 3755 782 3825 ait
804 3778 831 3827 s.
857 3755 1002 3844 Thomas,
1029 3757 1176 3828 dicuntur
1199 3758 1239 3829 si‘

163 3886 195 3994 'q
212 3922 271 3976 vn.
289 3938 313 3979 s.
332 3922 444 3993 raom,
466 3923 488 3994 r,
506 3941 535 3994 q.
555 3922 679 3996 xxvio,
700 3939 727 3979 s.
751 3922 768 3979 a
788 3939 815 3980 e.

169 4011 193 4132 p
210 4007 278 4148 3qu
297 4010 410 4151 noqqlpe
427 4009 637 4082 suppositionis
656 4010 844 4083 intelligatur,
864 3999 1053 4082 explieabitur
1073 4010 1127 4070 litt.
1149 4014 1181 4072 S.

183 4098 194 4166 )
235 4095 242 4149 l
264 4133 271 4148 .
291 4111 317 4166 p.
393 4135 400 4152 .

172 4183 195 4248 ⁴)
214 4179 242 4234 ln
255 4182 307 4247 tlh.
328 4182 359 4237 lll
378 4183 472 4257 Sena,
493 4184 562 4242 nist.
583 4184 620 4256 X,
640 4204 668 4258 q.
690 4186 712 4257 l,
731 4201 760 4243 a.
779 4183 808 4257 2,
826 4188 880 4245 sot.
903 4185 919 4242 3
939 4202 966 4243 c.

172 4268 199 4341 ⁵)
216 4266 248 4325 Cf
261 4284 288 4342 n.
307 4269 431 4349 tta-⁶)
451 4273 480 4331 tn
500 4273 552 4345 llo,
572 4273 584 4331 l
602 4274 694 4351 sena,
714 4272 783 4333 hist.
805 4274 882 4350 xlx,
900 4294 928 4352 q.
950 4274 969 4349 l,
990 4290 1016 4333 a.
1040 4271 1051 4328 ι
1074 4270 1108 4328 sn
1128 4270 1157 4330 t.
