2760 4770
174 222 240 299 152
602 224 767 293 -u-

128 365 252 442 propter
275 349 459 421 differentias
480 351 695 422 contrahentes
718 373 829 441 genus,
852 351 946 442 quod,
970 370 1044 421 oum
1067 342 1252 421 comtitnant

128 453 263 524 diversas
285 453 398 543 species
420 453 585 544 inaequalis
608 455 811 544 perfectionis,
836 455 977 526 ridentur
996 474 1065 523 esse
1084 473 1183 523 causa
1205 473 1253 521 ae-

128 554 364 644 quirooationis.
391 555 438 627 Sic
461 557 574 625 animal
597 555 740 628 nobiliori
763 559 855 628 modo
878 558 1035 672 reperitur
1056 557 1091 624 in
1115 553 1252 642 homine,

126 681 221 749 quam
244 658 276 727 in
298 679 391 777 capno.
427 659 515 728 Unde
536 660 794 748 oeqttiooootioais
826 659 949 728 nomine
972 659 1024 726 nie
1045 659 1253 773 aequivocatio

127 763 267 853 physica,
291 775 322 830 ot
343 764 517 854 impropria
540 766 632 852 vonit,
656 784 720 834 non
733 775 837 835 aubin
853 765 1020 855 dialectico,
1035 784 1120 852 quae
1137 782 1254 891 proprie

126 874 333 962 aequivocatio
354 872 440 943 ost¹.

171 972 237 1042 llll.
255 974 412 1043 Genaaun
427 994 492 1044 nou
509 992 753 1044 subsannantur
757 993 777 1041 n
793 991 975 1044 rosironun
989 990 1159 1042 narrasse
1174 987 1254 1044 sont

130 1095 242 1144 saneta
265 1095 517 1144 uirranannna.
541 1072 655 1141 Genera
679 1093 742 1140 nou
756 1074 985 1142 subalternatim
998 1075 1102 1163 posita
1117 1083 1194 1143 sunt
1207 1093 1256 1161 ge

128 1198 200 1246 nera
224 1179 416 1247 diversorum
440 1177 765 1267 praedicamentorum,
791 1187 827 1245 ut
848 1177 972 1262 animal,
996 1176 1084 1263 quod
1108 1174 1150 1242 ad
1174 1195 1254 1265 piae·

126 1279 334 1350 dieamenturn
358 1280 556 1368 substantiae,
581 1292 611 1348 et
635 1280 806 1366 nurnerus',
832 1279 885 1369 qui
908 1280 946 1347 ad
972 1277 1253 1366 praedicamentum

126 1383 303 1469 quantitatis
327 1379 468 1472 pertinet.
495 1383 556 1450 lam
581 1381 755 1450 huiusmodi
779 1405 890 1470 genera
912 1383 1029 1450 nullam
1046 1380 1253 1448 differentiam

128 1484 191 1552 sive
214 1488 452 1570 cotcstitutioont,
469 1484 531 1553 sire
553 1486 716 1554 divisivam
734 1485 745 1522 ²
770 1484 962 1574 participant;
978 1504 1007 1550 e.
1033 1504 1085 1572 g.,
1111 1482 1182 1552 aliis
1203 1481 1255 1548 dil·

126 1586 264 1654 serentis
288 1586 487 1657 constituitur
509 1598 540 1654 et
562 1587 707 1655 dividitur
730 1587 860 1673 animal,
884 1585 950 1654 aliis
973 1583 1117 1654 seientia.
1142 1583 1268 1652 Genera,

128 1698 230 1771 autem
254 1689 484 1758 subalternatim
510 1688 604 1778 posita
621 1690 666 1758 vel
685 1699 756 1757 sunt
772 1686 959 1773 huiusmodi,
977 1695 1013 1753 ut
1028 1686 1067 1752 ad
1087 1685 1173 1755 idean
1190 1707 1251 1776 per-

130 1789 246 1856 tineant
269 1791 559 1877 praedicamentum,
584 1799 615 1857 et
638 1810 734 1856 unum
759 1787 799 1858 sit
820 1788 879 1856 sub
894 1787 1049 1874 altero,uti
1066 1789 1200 1875 animal,
1216 1789 1252 1855 ri·

9 1930 17 1943 ν
133 1911 214 1976 tons,
234 1911 363 1980 corpus,
391 1895 436 1959 rol
460 1893 519 1962 sat
541 1895 648 1961 eodem
673 1903 744 1958 sunit
770 1889 1024 1981 praedicamento,
1041 1891 1112 1960 siue
1126 1889 1253 1980 superio

129 1993 154 2061 ri
180 2016 301 2084 gontero,
326 1997 377 2064 scd
401 2019 498 2064 unum
524 2017 588 2063 non
610 2005 657 2064 ost
679 1995 738 2061 sub
760 1996 868 2080 altero,
892 1992 937 2060 uti
954 1991 1070 2061 animal
1089 1993 1250 2082 grossitate,

128 2107 159 2164 et
180 2097 293 2165 animal
318 2101 465 2185 volatile,
491 2098 641 2188 siqnidem
666 2109 834 2186 utrumqne
856 2095 978 2164 animali
1003 2097 1186 2187 subiicitur,
1208 2099 1249 2166 sod

128 2217 191 2264 non
217 2220 315 2268 unum
338 2201 452 2284 alteri;
477 2200 575 2286 itonr,
602 2201 732 2287 potentia
756 2199 935 2287 elligere,
960 2220 1040 2287 quae
1064 2201 1130 2269 sub
1152 2221 1251 2292 genero

128 2298 282 2387 qualitatis
306 2313 389 2388 sunt,
414 2321 477 2369 non
502 2311 605 2370 tannen
628 2320 689 2367 una
713 2301 772 2366 sub
802 2301 906 2368 altera.
934 2298 966 2367 Si
1005 2299 1163 2390 primurn,
1188 2315 1250 2370 tuno

131 2421 230 2489 genus
255 2402 381 2470 inferius
399 2425 511 2474 omnes
534 2402 726 2492 amplectitur
760 2403 944 2480 dillercntias
966 2407 1187 2478 constitutivas
1207 2427 1247 2496 ge·

129 2503 211 2572 neris
228 2505 402 2593 superioris,
419 2518 451 2575 et
465 2507 555 2575 etiam
571 2507 703 2594 aliquant
721 2506 884 2573 clioisioom
903 2505 927 2571 ³.
945 2503 1000 2572 Sin
1016 2509 1166 2595 alterum,
1184 2518 1247 2576 tum

127 2627 226 2673 urium
250 2629 287 2674 ex
311 2607 347 2678 iis
369 2610 532 2698 generibus
554 2610 716 2699 aliquando
732 2609 821 2676 ltabet
837 2607 968 2696 aliquam
986 2609 1196 2682 differentiam
1209 2613 1248 2680 di·

125 2711 258 2778 ubinam
279 2709 413 2794 alteriue,
440 2721 511 2800 puta
535 2712 616 2801 bipes
637 2724 683 2780 est
705 2711 873 2780 dillerontia
890 2721 956 2777 tuni
987 2714 1246 2802 gressibilem

126 2810 259 2879 volatilis
282 2811 433 2897 animalia
459 2826 489 2882 at
512 2835 574 2882 non
597 2835 727 2902 somper3
751 2836 780 2884 e.
814 2839 861 2904 g.,
893 2815 1045 2906 Angelus,
1082 2828 1115 2888 et
1144 2834 1245 2944 coeptu

126 2914 263 2997 eamdem
287 2915 486 2987 differentiam
510 2918 675 2987 divisivum
697 2937 762 2987 non
786 2919 909 2990 habent.

667 3159 709 3277 H

472 3417 901 3491 utsttucttulttts

173 3616 613 3692 l.llnmrus-lltsrmcr10
640 3621 720 3689 Tum
743 3621 890 3712 babitus,
907 3634 974 3695 tum
998 3626 1161 3717 dispositio
1182 3639 1246 3702 sunt

127 3719 285 3806 qualitates
289 3741 392 3809 (puae
408 3722 544 3791 subiecto
569 3722 724 3790 inhaerent
727 3733 844 3814 atque
866 3725 1016 3816 efficiunt,
1035 3741 1073 3799 ut
1097 3730 1246 3823 ipsumsi

127 3841 159 3888 ve
183 3822 214 3888 in
238 3843 295 3909 se
319 3823 380 3892 sivo
404 3824 435 3892 in
458 3825 521 3892 suis
544 3827 775 3942 operationibus
798 3829 874 3898 betto
897 3833 943 3900 vel
966 3834 1050 3907 male
1074 3856 1108 3906 se
1130 3834 1246 3911 baben

126 3922 295 3994 lliscrimon
318 3927 398 3999 inter
421 3926 528 4016 istam
554 3938 584 3997 ot
606 3928 725 3997 illurn
717 3951 748 3996 tn
772 3952 813 4045 co
832 3935 999 4024 consistit,
1024 3941 1113 4028 qttod
1135 3936 1264 4025 babitta‘

123 4025 163 4096 sit
185 4027 315 4115 spiralitas
338 4029 545 4102 immobilibus
568 4030 724 4124 principiis
748 4031 865 4126 innixa,
882 4046 974 4128 atquo
989 4052 1107 4116 natum
1126 4064 1182 4121 suo
1200 4047 1253 4116 lita

160 4229 272 4304 attan
293 4248 321 4305 p
346 4221 467 4310 too-u
487 4236 549 4296 vn
571 4234 870 4312 pat.-³)1om
