2760 4770
469 594 897 669 DlS'l‘lNC‘llllNllS

168 803 192 870 l.
218 797 949 890 Garrnoeuntrrnnss-Srncaranoaammcu.
967 803 1001 874 l‘
1029 801 1246 891 Cateqoremo·

122 906 179 973 tiae
200 905 371 973 affinnatur
392 903 507 995 aliquid
532 908 589 973 tale
611 927 688 990 esse,
712 908 798 996 qnod
811 912 895 992 nolo,
912 916 944 975 et
965 906 1105 977 absolute
1129 917 1179 974 est
1202 914 1243 971 ta·

125 1007 165 1091 le;
190 1029 218 1077 e.
244 1031 290 1095 g,
317 1009 396 1077 Deus
411 1010 655 1096 eoteqoreraotice
671 1007 810 1076 infinitus
826 1007 944 1076 dieitur.
973 1010 1245 1096 Spacoleqoremo·

125 1109 182 1178 tice
204 1111 316 1200 aliquid
340 1115 399 1181 tale
420 1111 532 1182 dicitur
552 1131 634 1197 esse,
659 1111 742 1199 quod
765 1113 800 1178 in
821 1112 955 1201 potentio
976 1119 1022 1178 est
1046 1112 1118 1192 tale;
1144 1130 1173 1177 e.
1200 1130 1244 1196 g.,

124 1213 278 1300 quantitas
302 1215 523 1292 mathematica,
553 1211 666 1301 quippe
688 1234 766 1302 quae
789 1213 853 1282 sine
875 1216 940 1282 ullo
963 1212 1096 1283 termino
1121 1209 1246 1297 intelligi

125 1327 234 1404 potest,
258 1319 558 1407 syneotepoternnlioe
581 1316 700 1384 inlinita
723 1317 847 1385 dieitur.
872 1317 971 1398 Quare
994 1318 1155 1385 inlinitum
1179 1334 1247 1402 spn-

27 1470 29 1472 -
125 1424 421 1506 anteponemolictnn,
446 1443 499 1491 seu
522 1423 556 1489 itt
579 1421 724 1507 potentio,
755 1419 828 1488 illud
854 1421 1046 1505 nominatur,
1071 1418 1159 1508 qnod
1183 1422 1249 1484 octo

126 1518 249 1589 finitum
271 1533 340 1609 est,
366 1523 416 1591 sed
441 1535 541 1591 tamen
576 1542 747 1610 numquam
772 1521 801 1587 in
831 1531 877 1591 tot
899 1533 998 1609 partes
1020 1520 1194 1604 dividitur,
1217 1527 1248 1591 ιιι

126 1619 200 1690 aliae
221 1626 382 1712 superaddi
405 1626 433 1695 ei
457 1646 517 1694 non
536 1624 663 1716 possint.
681 1625 769 1703 Quod
793 1624 957 1711 inlinitum,
983 1646 1055 1692 oum
1080 1641 1249 1713 numquam

126 1733 197 1791 antu
220 1727 367 1815 possideat
389 1728 603 1816 appositiones,
625 1746 703 1814 qnae
733 1726 763 1792 in
786 1746 823 1793 eo
847 1727 947 1793 locum
972 1726 1083 1795 haltere
1107 1734 1247 1817 possunt,

126 1847 298 1917 numquam
322 1830 397 1919 poni,
418 1831 527 1922 poterit
541 1829 787 1918 coleporetnotioe
802 1829 832 1895 in
856 1850 957 1897 rernm
983 1839 1104 1897 natura.
1133 1827 1168 1894 d·
1196 1826 1247 1896 Cn·

128 1934 337 2017 tepmetnota'ee
359 1943 526 2023 usurpatur
549 1950 618 2017 vos,
643 1951 721 2020 quae
741 1930 841 1996 solum
861 1950 933 1996 oum
958 1930 1050 1997 verno
1072 1937 1118 1998 est
1144 1929 1249 1999 oratio·

127 2051 201 2099 nem
222 2043 253 2103 et
276 2054 400 2105 sensum
418 2036 583 2126 perlectum
606 2031 744 2112 involvit;
771 2041 816 2117 nt,
842 2031 931 2102 isaias
953 2042 1010 2100 est:
1033 2032 1248 2120 Sonentepore-

128 2134 248 2222 matre,
272 2157 350 2224 quae
372 2136 457 2205 alteri
486 2135 674 2206 nominativo
704 2134 888 2202 adnectenda
910 2144 967 2219 est,
992 2143 1027 2200 ut
1050 2134 1083 2200 in
1107 2130 1249 2203 emtionis

128 2237 379 2325 compositionem
403 2238 503 2306 venire
528 2239 633 2325 possit,
659 2247 705 2322 ul,
732 2235 781 2302 hie
805 2236 882 2303 liber
904 2245 949 2302 est
974 2233 1095 2302 loannis
1113 2235 1138 2302 ¹.

133 2381 135 2385 ν
174 2337 213 2408 ll.
239 2338 900 2413 Ctrunonisa-Tntnsnanunnmttrnu‚¹
920 2337 1091 2425 Coteqoriee
1110 2337 1191 2423 idem
1207 2356 1252 2404 m-

130 2440 171 2508 let
194 2461 228 2510 ao
253 2441 284 2510 in
306 2453 389 2513 oerto
413 2462 524 2532 genere
546 2440 636 2509 entis.
663 2440 713 2507 Sie
736 2439 829 2508 homo
853 2449 900 2507 est
923 2438 955 2506 in
978 2459 1090 2526 genere
1116 2439 1252 2508 snbstan-

129 2543 198 2630 tiae,
222 2545 359 2615 albitndo
381 2549 414 2614 in
438 2566 549 2635 genere
571 2543 735 2631 qualitatis.
762 2541 849 2610 Unde
870 2561 1010 2628 suprema
1034 2562 1143 2610 rerum
1165 2561 1250 2630 geue·

130 2665 164 2712 ra
187 2648 377 2735 appellantur
398 2646 564 2733 anteporioe
581 2643 605 2712 ².
637 2643 960 2728 Transcendentoliler,
984 2645 1067 2729 quod
1096 2643 1137 2711 de
1159 2640 1250 2731 quoli-

133 2745 185 2812 bet
208 2768 319 2836 genere
340 2749 419 2816 entis
454 2747 656 2837 praedicatur,
682 2754 752 2833 puta
776 2766 898 2830 unum,
930 2765 1047 2831 verum,
1073 2756 1105 2813 et
1130 2745 1251 2832 bonum,

134 2868 221 2936 quae,
246 2859 281 2916 ut
303 2873 330 2918 s.
355 2849 488 2918 Thomas
510 2847 561 2936 ait,
590 2869 604 2911 t
631 2845 824 2915 circumeunt
846 2866 937 2915 omne
959 2846 1042 2914 εῐιε3
1069 2871 1099 2916 n.

178 2950 229 3018 lll.
256 2950 613 3022 Causa—Pntnotrtun.
641 2948 837 3037 Principiam
863 2958 909 3015 est
932 2948 986 3035 id,
1014 2969 1123 3037 aquo
1144 2946 1253 3036 aliquid

135 3063 303 3142 utcumque
316 3053 466 3140 originem
483 3051 583 3136 habet,
601 3047 663 3118 site
683 3071 753 3116 eum
769 3048 976 3139 dependentia,
995 3047 1058 3118 sive
1079 3071 1159 3118 non.
1183 3050 1255 3118 Cott-

98 3197 100 3201 -
134 3175 170 3222 so
192 3175 264 3224 vero
285 3165 330 3223 est
353 3155 394 3241 id,
413 3176 431 3222 a
452 3173 515 3243 qno
539 3151 652 3240 aliquid
669 3152 758 3220 talem
774 3151 925 3241 originem
949 3152 1050 3241 habet,
1074 3164 1112 3220 nt
1134 3155 1173 3222 ab
1197 3153 1254 3242 ipso

135 3258 256 3344 proprie
279 3258 473 3347 producatur,
498 3256 686 3344 proindeque
711 3254 836 3342 pendeat
863 3254 1033 3324 seeundum
1055 3274 1151 3324 suum
1174 3276 1253 3339 esse,

136 3359 182 3432 vel
206 3360 284 3447 fieri.
313 3381 328 3424 a
355 3357 419 3426 Hoe
441 3377 555 3428 nomen
585 3357 788 3445 principium,
824 3354 866 3424 eit
889 3379 917 3427 s.
940 3356 1097 3447 Thomas,
1124 3359 1255 3428 ordinem

139 3573 169 3630 in
187 3589 275 3629 unum
295 3575 416 3632 sottnnm
436 3585 488 3632 est.
510 3573 584 3642 Quid
609 3572 723 3643 arbor,
742 3585 838 3628 noune
857 3571 946 3629 arbor
965 3587 1021 3628 non
1042 3581 1141 3646 esset,
1161 3576 1185 3632 εἰ
1205 3590 1255 3630 nna

140 3676 199 3714 non
218 3661 315 3715 esset?
335 3660 406 3729 Quid
428 3660 558 3715 membru
577 3659 716 3728 cuiusque
729 3656 881 3716 animantis
898 3674 934 3714 ae
947 3659 1071 3729 viscera,
1084 3668 1115 3714 et
1127 3661 1256 3731 quidquid

141 3755 184 3801 est
204 3760 318 3814 eorum,
340 3762 356 3798 e
375 3744 476 3815 qnibns
496 3743 634 3799 constat?
652 3742 746 3811 Certe,
765 3743 787 3798 si
809 3743 923 3800 unitatis
936 3745 1079 3812 patiantur
1091 3747 1256 3816 divortium,

141 3845 198 3885 non
219 3831 274 3888 erit
292 3832 397 3886 animal
420 3848 446 3901 »3
465 3832 493 3885 S.
514 3831 602 3901 Aug,
621 3830 664 3886 De
684 3829 768 3898 Orci,
789 3829 839 3884 lib.
860 3828 894 3898 ll,
912 3845 939 3884 e.
963 3827 1006 3885 18.

178 3915 200 3984 ¹)
221 3917 282 3970 vid.
302 3917 387 3972 otiam
419 3915 571 3972 Terminus
598 3913 1255 3990 cneqoremoneas-sonoateporemartcas,

139 4000 192 4056 litt.
216 4003 248 4056 P.
335 4050 343 4059 ,
796 4026 799 4031 ·

119 4112 125 4162 j,
175 4088 200 4148 2ι
220 4087 280 4142 th.
308 4086 559 4156 Praedirumsnto‚
582 4087 633 4143 titt.
656 4088 688 4141 Ρ.

175 4169 197 4242 ³)
216 4172 272 4247 Ωιι,
292 4175 408 4247 diepam,
424 4173 466 4231 De
488 4173 609 4244 Virtus,
629 4188 658 4244 q.
678 4171 701 4242 l,
718 4170 785 4245 tto-2
799 4170 839 4243 ad
859 4171 886 4229 8.
941 4225 959 4231 ,,
993 4218 1011 4247 ,.
1067 4226 1070 4230 .
1138 4222 1143 4231 ,
