2760 4770
136 369 259 459 quaudo
296 366 401 460 recipit
422 368 567 449 sormam
591 367 632 436 ita
653 388 777 457 quoque
814 367 976 438 creationis
1006 367 1168 439 terminus
1198 389 1250 440 nou

131 484 177 540 est
200 475 354 561 maio,
378 472 430 543 sed
453 471 578 541 materia
601 493 663 539 una
686 493 758 539 oum
782 472 879 541 iorma
895 473 920 542 ¹.

176 574 258 645 lllll.
283 575 414 646 llantur
437 592 654 646 couniamur
670 595 725 645 uni
746 594 899 646 arruaao
915 596 1064 648 vrnnrua
1083 598 1247 651 narraui.

133 677 315 766 intelligitur
350 680 389 747 de
412 677 513 748 medio
533 678 615 766 quod
646 677 803 767 participat
825 689 968 747 naturam
993 679 1167 770 utriusque
1182 679 1207 766 ²,
1227 700 1249 749 c.

130 801 179 870 g.,
204 781 337 869 tepidum
361 791 497 870 respectu
523 779 610 848 calidi
641 791 687 849 est
710 779 868 868 irigidurn,
893 793 1034 870 respectu
1058 801 1138 850 rere
1162 780 1251 870 frigidi

127 890 174 953 est
195 883 328 954 calidum
347 884 372 954 ³.
396 883 554 968 Quocirca,
574 883 619 951 uti
643 883 837 952 observatum
860 893 907 951 est
927 904 945 950 a
968 906 995 955 s.
1025 883 1248 965 bonaventura,

127 987 188 1054 boc
208 986 365 1055 effatum
358 1007 390 1055 rn
406 986 497 1055 rebus
521 986 559 1053 ad
583 1005 683 1054 mores
706 983 926 1076 pertinentibus
948 1005 1014 1054 nou
1040 1007 1170 1074 semper
1191 1006 1248 1056 era

128 1086 199 1176 nit,
221 1086 292 1177 quia
319 1111 333 1153 ‹
362 1087 499 1156 medium
521 1087 671 1176 reperitur
694 1085 726 1155 in
754 1107 864 1176 genere
888 1086 1040 1176 virtutis,
1066 1097 1102 1158 ct
1125 1098 1248 1157 extrema

128 1189 258 1260 suntin
281 1210 393 1278 genere
416 1189 559 1259 vitiorum
574 1190 620 1257 ⁴».

174 1290 253 1361 xlv
279 1291 421 1380 Alnuruu,
445 1311 508 1370 ono
531 1313 628 1364 naurs
652 1310 902 1370 urrnorruuurr
931 1312 987 1362 uru
1013 1312 1247 1381 nxrnruonnr,

132 1413 293 1466 soulers
318 1414 458 1465 necatur
482 1416 523 1466 Aa
547 1414 635 1482 Auro,
654 1415 694 1464 ar
710 1414 862 1466 rrcrssru.
880 1394 919 1464 Ε.
940 1415 988 1483 g,
1014 1396 1126 1464 anima
1151 1396 1248 1465 buma-

130 1516 181 1583 na,
205 1515 284 1585 quae
306 1493 442 1566 medium
465 1498 569 1565 locum
592 1504 676 1564 tonet
699 1495 777 1565 inter
803 1495 986 1566 substantias
1011 1495 1247 1583 intellectuales,

128 1607 160 1667 et
181 1593 365 1666 substantias
385 1615 556 1684 corporeas,
580 1617 644 1687 quo
667 1598 797 1686 magisa
815 1597 1027 1686 corporalibus
1050 1600 1245 1689 abstrahitur,
1277 1658 1280 1671 .

128 1717 167 1768 eo
188 1695 303 1788 magis,
327 1699 427 1789 quoad
451 1697 640 1788 intelligendi
669 1699 817 1786 modum,
842 1699 966 1788 Angelis
988 1700 1249 1789 assimilatur;et

129 1799 334 1889 econtrario,
357 1821 421 1889 quo
442 1801 542 1890 magis
563 1799 596 1867 in
617 1819 665 1870 res
693 1800 861 1870 materiales
883 1821 915 1870 se
937 1802 1117 1894 immergit,
1140 1826 1178 1876 eo
1197 1826 1250 1875 ma·

129 1902 178 1992 gis
200 1902 239 1970 ab
261 1901 383 1992 Angelis
406 1902 529 1973 recedit.

175 2002 241 2073 XV.
266 2003 397 2074 Mraruu
431 2025 489 2075 nsr
524 2023 676 2074 uenimus
711 2024 884 2077 susannis.
922 2006 986 2076 Hoc
1014 2007 1153 2079 effatum
1182 2011 1249 2080 cirea

129 2103 261 2172 moratu
282 2103 440 2193 praecipue
463 2104 525 2173 vim
548 2105 650 2192 babet,
667 2103 700 2172 in
722 2103 833 2193 quibus
850 2107 947 2175 virtus
969 2128 1076 2198 neque
1102 2111 1137 2181 in
1159 2134 1248 2182 excae

130 2227 180 2293 su,
205 2226 303 2295 neque
324 2207 356 2274 in
379 2207 508 2295 deiectu,
533 2207 640 2276 sedin
663 2207 763 2275 medio
786 2206 931 2278 consistit.
957 2208 1049 2287 Quod
1078 2222 1185 2284 tamen
1204 2234 1246 2302 ap

129 2305 233 2398 plicari
257 2309 362 2396 nequit
394 2308 561 2378 virtutibus
583 2308 781 2398 theologicis3
806 2330 937 2399 namque
961 2311 1080 2383 barum
1105 2315 1247 2386 obiectum

130 2409 340 2479 immediatum
363 2420 409 2479 est
430 2410 492 2499 ipse
514 2411 622 2498 Deus,
640 2412 768 2500 ideoque
791 2412 910 2481 nullum
940 2412 1054 2482 vitium
1078 2437 1141 2507 per
1163 2438 1248 2488 eecce
1278 2464 1280 2469 -

129 2533 199 2582 stem
222 2511 259 2580 iis
281 2511 379 2581 inesse
401 2522 498 2601 potest
514 2513 540 2578 ⁵.
576 2510 739 2600 Diximus,
776 2513 857 2581 circu
889 2513 1044 2598 rrtorulio·²
1074 2539 1152 2586 nam
1173 2528 1248 2589 actm
1278 2514 1280 2567 ἕ

129 2615 260 2684 tamdiu
285 2614 421 2684 medium
444 2613 522 2684 inter
535 2634 693 2684 excessum
712 2614 906 2685 etdelectum
923 2627 1053 2686 nonest
1080 2620 1243 2709 perfectius,

129 2730 157 2787 o.
184 2743 231 2808 g.,
255 2721 350 2788 bomo
371 2732 416 2790 est
438 2723 532 2810 longe
555 2720 757 2808 imperfectior
779 2721 916 2810 Angelis,
945 2723 1015 2791 licet
1040 2727 1184 2799 medium
1200 2727 1242 2797 iu·

129 2832 174 2892 ter
196 2824 264 2912 bos,
288 2833 319 2892 et
340 2823 412 2892 alias
433 2833 640 2894 creaturarum
664 2824 778 2914 species
806 2825 909 2893 locum
934 2835 1047 2895 teneat.

132 2968 136 2975 -
173 2924 253 2997 xvl.
278 2925 402 2997 ilarius
427 2948 486 2999 rsr
511 2946 611 3012 uana,
643 2946 734 3004 euru
758 2945 931 2999 socrasan-
957 2928 1041 2997 Nam
1068 2943 1179 3002 natura
1198 2930 1242 3001 ali·

127 3030 217 3099 cuius
239 3028 360 3098 virtutis
383 3028 480 3118 magis
503 3029 536 3096 in
570 3028 711 3117 agendo,
748 3049 841 3116 quam
865 3028 895 3098 in
919 3031 1068 3118 patiendo
1092 3034 1237 3113 cernitur;

127 3131 180 3199 sed
202 3130 275 3199 dare
296 3142 343 3199 est
365 3152 478 3221 agere,
513 3130 646 3221 accipere
669 3143 714 3198 est
738 3131 820 3221 pati,
854 3141 928 3220 ergo
951 3133 1066 3202 melior
1089 3146 1139 3207 est
1161 3136 1239 3205 virtut

129 3232 241 3318 dantis,
265 3253 359 3320 quam
382 3232 568 3320 accipientis.
588 3237 653 3318 Ast,
673 3244 708 3300 ut
732 3232 855 3303 veritate
876 3234 1008 3325 gaudeat
1032 3237 1098 3306 boc
1118 3239 1237 3322 clintum,

129 3331 162 3399 in
185 3331 291 3422 primis
313 3354 351 3401 er
374 3341 458 3422 parte
480 3332 652 3421 accipientis
681 3331 857 3422 requiritur,
885 3345 918 3401 ut
943 3334 985 3404 sit
1008 3334 1169 3429 indigens,
1190 3336 1237 3407 siu

123 3433 163 3503 sit
184 3434 220 3501 tn
240 3436 375 3523 potentio
396 3436 434 3505 ad
449 3434 665 3526 recipiendum:
677 3434 792 3504 Deinde
806 3457 844 3504 ex
860 3447 944 3524 parte
966 3439 1084 3528 dantis,
1102 3452 1139 3508 ut
1161 3440 1237 3510 libera

126 3533 267 3606 detllinc
282 3557 438 3627 perperam
460 3536 643 3625 colligebant
666 3535 768 3605 Ariani
793 3535 907 3606 Filium
929 3557 994 3607 non
1015 3559 1088 3611 esse
1112 3542 1237 3615 substan

127 3634 231 3706 tialem
253 3636 335 3707 Patri
356 3638 388 3707 iu
409 3638 588 3710 admirando
615 3639 669 3708 illo
691 3637 846 3712 Trinitatis
863 3638 1018 3735 mysterio.
1038 3641 1141 3715 Filius
1169 3640 1236 3714 erio

133 3926 137 3933 -
168 3889 193 3961 ¹)
212 3889 235 3963 1,
254 3909 282 3966 q.
303 3893 387 3962 LXV,
405 3908 434 3950 a.
453 3891 472 3948 4
490 3907 517 3951 o.
539 3893 601 3950 vid.
621 3909 648 3965 p.
669 3892 732 3952 144.

167 3975 192 4046 ²)
211 3976 276 4033 vro.
296 3994 323 4049 p.
346 3976 408 4037 rer.
428 3978 489 4052 ..a
508 3980 530 4052 r,
549 3998 577 4052 q.
598 3981 691 4054 curu,
710 3996 737 4037 a.
757 3976 775 4034 o
794 3979 830 4035 aa
847 3977 876 4037 ι.
951 4004 954 4008 -

166 4059 192 4125 ⁴}
211 4059 242 4117 u
262 4060 312 4118 ιιι.
332 4060 366 4116 ιιι
386 4064 477 4136 sena,
497 4065 566 4121 nra.
586 4063 687 4133 xxur,
706 4081 735 4137 q.
755 4063 778 4135 r,
797 4078 825 4119 a.
847 4062 860 4116 r
886 4060 928 4121 aa
944 4076 1014 4137 arg.

169 4144 194 4214 ι)
212 4143 244 4202 ln
263 4144 313 4206 lib.
334 4143 368 4208 li
388 4147 483 4223 Soet,
502 4148 573 4207 bist.
591 4147 624 4222 b,
642 4165 670 4222 q.
682 4149 706 4222 1,
724 4164 753 4210 a.
775 4146 788 4206 l
808 4146 941 4224 sublit.
959 4148 1070 4210 Virtus
1081 4144 1234 4211 ommate

132 4230 239 4293 medlo.
