2760 4770
53 360 257 446 expellunte
283 358 444 447 subiecto,
481 373 589 431 mutua
617 382 682 457 esse
712 371 809 450 potest
844 360 921 431 inter
943 385 977 432 aa
1002 362 1178 434 vicissitudo

52 457 90 527 in
112 461 262 548 subiecto,
288 465 351 534 sive
376 465 512 554 potentia
540 469 568 531 ol
597 464 760 532 successive
788 461 887 532 eidem
922 464 1058 535 subiecto
1081 467 1179 537 inesse

52 573 196 650 possunt.
221 563 300 631 Hinc
322 564 405 633 aliud
428 575 511 655 extat
532 563 669 633 allatum:
696 565 910 639 Gauranum
933 587 991 639 nsr
1017 588 1178 639 varunna

56 680 160 733 sumu
177 685 408 738 <causasarum
434 666 522 746 Quod
551 677 655 735 tamen
676 667 884 755 accipiendum
907 672 1008 738 estin
1031 677 1177 756 mistreto,

52 761 121 835 sive
142 765 180 834 de
201 768 405 839 denominatis
420 771 658 852 contrariorum,
677 770 848 839 subiectum
865 771 959 858 enim,
977 772 1057 860 quod
1074 783 1121 840 ost
1143 795 1181 840 a·

52 871 108 936 ala
131 869 201 954 tale,
219 880 272 947 ¹est
293 871 426 960 potentia
447 869 529 938 aliud
554 871 753 958 contrarium,
778 892 806 940 e.
822 894 867 961 g„
881 894 944 958 aer,
968 873 1020 962 qui
1042 883 1096 942 est
1110 879 1182 944 oola

53 969 185 1055 calidus,
204 974 341 1061 potentia
363 985 410 1043 est
433 973 572 1060 frigidum
598 995 659 1043 non
685 976 757 1042 item
773 976 807 1044 in
826 975 984 1062 obstrusio,
1010 975 1072 1064 ipse
1094 974 1180 1046 enirn

53 1071 141 1140 sator
161 1072 337 1158 formaliter
359 1095 422 1143 non
447 1085 632 1164 potestesse
654 1074 764 1163 frigus.

101 1171 183 1242 xxi.
207 1174 398 1248 Gouvnusun
422 1198 483 1247 suu
508 1198 616 1248 nonan
637 1199 766 1248 savena
789 1199 915 1248 usurus
938 1198 1089 1250 utsrnur.
1112 1175 1185 1245 Sei-s

54 1273 132 1345 lieet
152 1279 342 1349 contrarium
364 1280 462 1369 magis
485 1280 576 1350 distat
599 1302 616 1349 a
637 1301 697 1351 suo
724 1281 900 1365 contrario,
933 1299 1028 1368 quam
1051 1275 1181 1366 simplex

54 1376 127 1448 eius
149 1379 284 1467 aegalim
307 1400 337 1449 e.
362 1402 407 1469 g.‚
432 1380 558 1470 nigrum
581 1381 679 1471 magis
699 1381 792 1450 distat
815 1381 854 1450 ab
875 1380 1084 1470 albo,‘quam
1107 1380 1181 1448 sim·

59 1478 183 1568 ptum
204 1502 269 1551 uon
290 1482 420 1567 albuin,
456 1483 607 1572 siquidem
630 1502 724 1552 omne
750 1481 877 1572 nigrum
899 1491 946 1554 est
968 1501 1031 1553 non
1054 1481 1183 1570 album,

56 1582 114 1655 sed
139 1603 202 1653 non
224 1583 359 1655 vicissim
376 1585 402 1656 ¹.

105 1683 202 1755 XXll.
227 1685 492 1776 consuliussis,
509 1709 563 1757 sen
578 1688 724 1778 oppositio
746 1687 886 1774 relativa,
903 1707 960 1759 ssr
984 1705 1110 1761 onurua
1131 1705 1184 1767 inf

57 1804 155 1859 utus.
180 1786 212 1855 ld
236 1798 317 1876 patet
341 1799 408 1857 tum
431 1809 467 1857 ex
490 1809 549 1876 eo,
579 1790 663 1878 quod
687 1791 855 1857 relatorum
877 1809 977 1857 unum
999 1807 1063 1859 non
1086 1796 1184 1876 potest

55 1887 189 1960 existere
210 1890 277 1963 sine
299 1889 373 1979 alio,
397 1901 465 1960 tum
487 1911 526 1961 ex
549 1912 599 1980 eo,
623 1891 833 1983 quadrante,
856 1889 882 1960 si
905 1890 944 1958 ad
966 1887 1101 1958 diversos
1124 1898 1185 1971 ter-¹

59 1993 167 2067 minos
189 2005 416 2085 (temperantur,
442 1997 475 2065 in
498 1995 635 2065 subiecto
656 1999 763 2067 eodem
785 2013 918 2065 mansero
943 1989 1121 2060 naturaliter
1144 1988 1186 2059 si-

57 2095 129 2164 mul
150 2116 217 2166 esse
238 2107 386 2186 possunt;
411 2096 561 2185 siquidem
583 2097 678 2166 homo
701 2094 812 2164 dicitur
836 2106 919 2186 pater
940 2103 972 2162 et
987 2093 1070 2163 lilius
1085 2111 1184 2182 respe-

58 2206 114 2269 ctu
137 2197 339 2270 diversorum.
374 2200 457 2274 ldem
480 2200 625 2269 declarari
649 2209 749 2289 potest
775 2200 860 2268 hune
882 2196 915 2265 in
937 2196 1075 2266 modum:
1100 2194 1184 2274 Quae

58 2298 209 2375 maiorem
232 2302 366 2397 interae
390 2304 503 2373 habeut
525 2313 653 2373 naturae
676 2300 925 2370 coniunctionem
947 2298 1184 2385 associantem,

58 2402 115 2475 illa
140 2403 272 2475 intense
293 2406 398 2475 minus
421 2415 584 2494 pugnant;
609 2406 662 2475 sed
684 2405 779 2473 relata
802 2400 950 2471 maiorem
973 2398 1054 2468 inter
1077 2419 1109 2467 se
1131 2399 1185 2487 ha7

61 2505 138 2575 lvent
162 2519 287 2576 naturae
312 2508 500 2587 societatem,
524 2526 621 2596 qaam
641 2503 804 2588 donnana,
829 2512 864 2569 ut
879 2499 1038 2590 perspicue
1053 2509 1186 2585 constan¹

61 2609 216 2685 contraria
240 2621 353 2699 samm,
379 2612 425 2679 uti
450 2610 510 2677 iarn
532 2609 666 2676 diximus
691 2605 716 2694 ²,
742 2605 846 2674 minus
868 2623 961 2694 quam
978 2600 1139 2691 privantia,
1155 2610 1186 2672 et

63 2708 140 2781 haec
163 2712 277 2796 minus
301 2737 394 2804 quam
417 2711 661 2797 contradictoria,
686 2710 767 2778 inter
789 2728 821 2777 se
844 2715 994 2796 puguant.
1181 2780 1184 2785 ,

112 2812 247 2891 Praestat
269 2816 317 2884 hie
339 2818 446 2886 allone
468 2817 546 2886 duas
568 2815 635 2883 illas
658 2833 777 2898 causas,
801 2831 839 2879 ex
861 2809 987 2898 quihus,
1016 2806 1187 2877 seeundum

63 2936 93 2991 s,
119 2916 437 3009 Thomamoppositio
458 2920 582 2989 relativa
606 2939 623 2986 a
638 2914 743 2984 soteris
758 2909 969 3000 distinguitur,
986 2919 1017 2976 et
1030 2907 1190 2996 quomodo

63 3019 227 3090 relationes
248 3023 312 3092 sint
334 3021 366 3091 in
390 3022 464 3106 ileo,
489 3019 666 3109 explicatur:
688 3039 703 3080 a
722 3012 878 3104 Oppositio
894 3008 1047 3080 relationis
1062 3011 1095 3077 ia
1109 3008 1193 3076 duas

12 3110 22 3119 ”
65 3118 127 3191 bus
147 3123 250 3193 differt
270 3125 310 3192 ab
329 3123 396 3194 aliis
417 3120 670 3212 oppositionibus.
703 3116 842 3195 Quorum
865 3112 1001 3202 primurn
1024 3120 1082 3199 est,
1105 3110 1190 3199 quod

65 3226 101 3295 iu
123 3226 193 3296 aliis
216 3229 361 3319 oppositis
384 3248 484 3297 unum
507 3225 617 3294 dieitur
631 3219 718 3288 alteri
734 3217 858 3309 opponi,
876 3215 1075 3305 inquantum
1090 3212 1191 3302 ipsum

12 3344 20 3353 “
67 3339 207 3401 removet
231 3381 239 3398 .
266 3384 277 3400 .
304 3383 313 3399 .
338 3331 407 3399 Non
430 3337 534 3397 autem
555 3335 602 3396 est
623 3325 681 3392 hoo
713 3320 746 3388 in
768 3316 912 3388 relativis.
940 3317 1009 3385 Non
1032 3313 1114 3384 enim
1136 3335 1192 3404 per

12 3424 27 3437 “
69 3428 132 3500 hoe
155 3435 321 3522 opponitur
344 3433 426 3502 lilius
449 3429 550 3520 patri,
573 3426 656 3517 quod
680 3425 782 3512 ipsum
805 3431 968 3507 removeat,
993 3420 1046 3488 sed
1070 3429 1191 3508 proptor
1246 3437 1284 3465 ὀ

70 3534 223 3603 rationem
245 3534 433 3604 habitudinis
455 3533 494 3600 ad
517 3532 629 3620 ipsum.
665 3527 706 3594 Et
726 3547 764 3597 ex
797 3524 856 3591 hoe
880 3532 1023 3591 causatur·
1057 3520 1188 3589 secunda

13 3638 23 3665 ²
71 3635 253 3722 differenda,
278 3637 350 3726 quia
374 3635 404 3701 in
425 3632 493 3725 aliis
515 3629 662 3720 oppositis
684 3646 805 3714 semper
826 3626 958 3695 alterum
981 3632 1028 3692 ast
1050 3622 1192 3710 impurie-

13 3760 17 3765 ·
68 3746 185 3820 stura·⁷
207 3738 291 3825 quod
313 3736 420 3807 assidit
442 3733 559 3802 ratione
582 3726 764 3819 negationis,
787 3744 865 3813 quae
888 3723 1055 3792 includitur
1077 3722 1110 3791 iu
1133 3723 1194 3812 pri·

16 3834 31 3871 ‘⁹
75 3838 207 3929 vatione,
231 3843 381 3910 etaltera
402 3836 638 3909 contrariorum.
664 3831 729 3900 llos
751 3838 854 3898 autem
879 3826 912 3895 in
934 3825 1068 3896 relativis
1083 3844 1145 3892 non
1160 3846 1194 3893 ο·Ι

71 4069 98 4129 ri
118 4069 200 4127 cirea
218 4070 307 4141 idem,
321 4069 479 4125 dummodo
500 4065 662 4124 subiectam
677 4061 845 4130 neutraliter
857 4073 889 4114 re
901 4055 1007 4112 labem
1025 4054 1065 4111 ad
1083 4064 1194 4112 alram-

14 4156 34 4187 ²²
77 4169 135 4224 que
154 4159 384 4224 contrariorum
403 4154 437 4208 2ι
459 4151 517 4222 2ιο,
535 4169 564 4221 q.
585 4146 684 4216 XXlV,
704 4163 732 4202 a.
755 4142 789 4197 10
807 4144 844 4198 ad
864 4142 889 4198 l.

113 4241 137 4311 ¹)
156 4241 220 4297 Vid·
239 4259 262 4296 s.
282 4242 397 4309 Tuom,
416 4238 524 4313 22210,
544 4255 571 4307 q.
593 4232 718 4304 LXXlX‚
738 4245 765 4285 a.
785 4224 804 4281 4
822 4229 912 4298 rte-²)
931 4224 994 4282 Vid.
1014 4240 1040 4293 p.
1062 4219 1111 4277 77.

106 4339 312 4408 Sranonmnm,
328 4339 456 4394 lexicon
995 4321 1013 4375 ⁶
