2760 4770
48 405 114 466 leno
134 408 165 468 et
187 401 420 472 nrttaoeclentera.
450 400 630 489 lpotorontiu
657 399 874 467 concomitante
897 396 1007 465 dicitur
1028 399 1099 485 ⁴quis
1122 399 1176 465 ali-

50 499 129 589 quid
151 522 255 591 agere,
280 522 352 571 oum
371 524 387 567 c
405 500 540 587 seleutia,
563 520 642 589 quae
665 521 718 589 per
732 501 936 590 ignorantiam
952 498 1097 588 privatur,
1114 518 1179 569 non

52 603 232 692 probilnret
253 616 357 674 actum
388 612 511 693 propter
533 600 759 670 inclinationem
789 604 952 671 voluntatis
974 603 1007 670 in
1030 602 1130 688 ipsum
1146 623 1176 681 »3

53 724 177 793 nempe,
202 727 276 775 curn
309 705 380 796 quis
403 705 552 795 ignorans
573 707 699 794 quidem
727 706 841 795 aliquid
865 704 946 789 iacit,
971 703 1050 772 idern
1076 715 1179 772 lamen

51 804 203 893 lecturus,
215 807 336 878 etiamsi
360 810 443 877 nulla
467 807 665 877 intercederet
681 809 865 897 ignorantia,
884 808 927 876 uti
951 806 974 874 si
998 808 1067 896 quis
1089 807 1179 875 relae-

55 917 177 978 neuter
198 910 325 1000 cupiens
348 909 508 979 inimicum
530 908 687 978 demedio
711 910 826 995 tollere,
843 909 944 997 ipsura
961 908 1113 996 insperato
1127 927 1181 975 oc-

10 1044 14 1085 ,
55 1006 191 1097 oidcret,
217 1021 327 1101 putans
349 1031 381 1080 se
408 1013 544 1082 occidere
564 1014 676 1099 sercin.
702 1013 782 1081 llaec
805 1012 1003 1100 ignorantia,
1028 1009 1127 1098 inquit
1150 1031 1187 1077 s..

10 1170 12 1175 .
54 1107 203 1196 Thomas,
232 1135 247 1177 a
273 1132 336 1182 non
359 1114 430 1183 iacit
453 1113 708 1200 involuntarium,
732 1126 767 1182 ut
790 1113 994 1200 Philosophus
1009 1111 1092 1197 dicit,
1108 1110 1182 1199 quia

12 1252 18 1291 r
54 1231 121 1280 nou
142 1223 247 1282 causat
269 1213 394 1304 aliquid,
415 1216 498 1305 quod
523 1215 563 1286 sit
585 1235 759 1305 repugnans
782 1215 945 1297 voluntati;
963 1215 1015 1283 sed
1031 1213 1102 1281 iacit
1118 1231 1183 1280 non

15 1352 18 1375 =
54 1313 291 1404 sotularium,
314 1316 387 1407 quia
410 1340 474 1389 non
498 1329 596 1410 potest
617 1338 684 1387 esse
705 1328 776 1386 actu
798 1316 929 1386 volitum
951 1317 1034 1406 quod
1057 1316 1186 1404 ignora·-

10 1440 15 1449 ·
55 1423 129 1485 lum
148 1427 197 1487 est
211 1417 341 1489 croac
362 1423 572 1490 concomitans
594 1419 718 1508 dicitur,
734 1417 807 1507 qnia
822 1440 837 1484 r
855 1439 920 1488 nou
941 1417 1058 1487 inducit
1078 1417 1117 1485 ad
1130 1434 1185 1483 ro-

56 1517 189 1588 lcudum
210 1531 246 1589 ut
268 1520 326 1591 linc
349 1521 419 1609 liat,
447 1523 501 1590 sed
522 1520 629 1592 accidit
651 1520 830 1590 simulasse
852 1519 965 1610 aliquid
988 1521 1129 1605 iactura,
1153 1525 1185 1585 et

12 1658 19 1667 ·
56 1619 238 1709 ignoratum
265 1645 295 1690 s.
320 1623 501 1712 Ignorantia
533 1623 724 1692 antecedente
751 1620 864 1710 aliquid
886 1622 1016 1713 agitur,
1041 1641 1113 1690 eum
1136 1639 1185 1687 ra-

55 1722 142 1793 tione
164 1723 260 1813 ipsius
284 1722 762 1814 ignorantiae·agitur·,quatenus
784 1725 858 1792 haec
880 1721 1087 1811 ignorantiae
1111 1740 1185 1788 cnu-

57 1834 108 1895 sat
138 1837 272 1912 actum,
311 1847 404 1914 quern
438 1827 563 1898 scientia
596 1827 736 1918 opposita
765 1825 972 1916 prohibebat;
1001 1823 1094 1891 etita
1117 1819 1187 1889 talis

58 1934 178 2013 actus,
201 1926 229 1996 si
252 1926 375 1997 seientia
398 1929 527 2017 adesset,
550 1939 628 1999 essct
650 1927 824 1998 contrarius
846 1924 996 1995 voluntati
1023 1944 1054 2006 »3
1079 1943 1187 2012 nempe

60 2027 324 2112 involuntarlus3c
342 2030 422 2100 sicut
443 2052 516 2099 curn
527 2031 636 2120 aliquis
652 2032 746 2099 horno
762 2028 883 2118 ignorat
899 2026 1034 2116 aliquam
1054 2024 1185 2094 circum·

61 2129 206 2199 stantiam
230 2141 339 2218 actus,
364 2152 457 2220 quarn
480 2153 545 2201 non
575 2122 733 2200 tenebatur
755 2130 857 2216 scire,
880 2140 971 2198 etex
994 2127 1053 2196 linc
1076 2126 1190 2217 aliquid

62 2231 143 2321 agit,
165 2232 248 2320 quod
271 2252 335 2301 non
358 2234 479 2322 laceret,
503 2235 528 2303 si
552 2236 658 2321 sciret,
684 2243 768 2323 puta,
792 2251 865 2301 curn
888 2230 1008 2320 aliquis,
1033 2228 1191 2318 diligentia

62 2334 213 2423 adhibita,
238 2335 375 2406 nesciens
397 2339 532 2428 aliquem
556 2339 685 2409 transire
701 2359 753 2428 per
776 2339 868 2424 riam,
894 2337 1014 2427 proiicit
1037 2340 1189 2427 saginam,

63 2456 130 2525 qua
153 2435 296 2505 interficit
321 2449 528 2510 transeuntem
555 2467 585 2513 n.
611 2442 730 2512 Dicitur
744 2441 932 2526 antecedens,
953 2462 967 2505 r
986 2439 1057 2527 quia
1073 2451 1193 2507 antece·

64 2538 180 2607 denter
201 2559 233 2608 se
255 2539 344 2609 hahet
366 2543 404 2610 ad
427 2555 530 2612 actum
554 2542 718 2612 voluntatis
736 2566 766 2613 n.
784 2541 920 2629 Denique
938 2540 1109 2628 ignorantia
1124 2559 1193 2609 eorr-

64 2649 209 2733 sepuente
231 2643 347 2732 aliquid
369 2646 484 2736 agitur,
506 2657 657 2736 quaunus
672 2647 735 2735 ipsa
758 2645 930 2733 ignorantia
944 2653 991 2715 est
1012 2643 1192 2728 voluntaria,

66 2747 119 2817 rel
147 2766 162 2810 r
186 2746 297 2816 directe
319 2759 350 2818 et
371 2769 425 2838 per
447 2771 480 2819 se
498 2803 508 2837 ,
527 2749 612 2819 sicut
640 2770 712 2818 curn
735 2747 845 2837 aliquis
867 2766 923 2816 sua
956 2757 1065 2837 sponte
1086 2747 1193 2835 nescit,

64 2856 108 2917 ut
130 2846 256 2917 liberius
279 2859 409 2939 peccet,
432 2861 464 2919 et
492 2848 560 2921 talis
583 2850 756 2940 ignorantia
778 2848 897 2918 ridetur
918 2868 1031 2937 augere
1053 2851 1195 2917 volunta·

67 2946 170 3035 rium,
193 2950 241 3017 rel
264 2950 418 3033 indirecte,
447 2974 501 3022 seu
526 2975 579 3043 per
601 2953 750 3038 acridane,
776 2962 873 3043 puta,
895 2971 968 3019 curn
991 2950 1101 3039 aliquis
1133 2971 1197 3020 non

67 3051 143 3121 vult
167 3049 302 3121 laborare
324 3051 356 3120 in
379 3053 491 3142 studio,
508 3075 544 3123 ox
567 3075 630 3144 quo
652 3053 789 3145 sequitur
807 3072 878 3120 euru
902 3071 968 3120 esse
991 3051 1196 3139 ignorantem,

70 3151 125 3228 rol
148 3172 219 3219 curn
241 3154 311 3240 quis
336 3156 399 3223 vult
427 3156 529 3224 bibere
553 3157 659 3226 rinurn
690 3156 900 3239 immoderate,
915 3175 953 3222 ex
976 3174 1039 3242 (μω
1060 3155 1200 3240 sequitur

14 3300 35 3311 --
71 3272 154 3323 curn
177 3252 331 3338 inebriari,
356 3266 386 3325 cl
408 3257 588 3326 discretione
617 3278 743 3345 carere,
768 3267 799 3324 ot
823 3253 889 3324 talis
918 3253 1090 3342 ignorantia
1111 3255 1202 3323 dimi-

72 3353 151 3425 nuit
170 3358 375 3427 roluutarium
402 3359 413 3399 ¹
440 3384 470 3430 n.

122 3454 180 3529 lll.
207 3457 398 3530 lannurnrro
421 3462 827 3532 surrosrrr—luunuurro
844 3478 1008 3530 rrnruus.
1037 3459 1204 3529 intrarentin·

75 3558 164 3627 liam
185 3559 308 3630 uirtutis
334 3561 410 3631 illud
433 3585 522 3652 agere
545 3565 664 3651 dicitur,
682 3565 771 3631 euius
793 3563 889 3630 virtus
911 3559 1052 3649 iungitur
1073 3561 1204 3645 ellectni,

69 3662 160 3749 .quin
184 3662 274 3730 talem
297 3664 544 3737 coniunctionem
568 3669 607 3737 ab
629 3666 730 3756 aliqua
753 3665 810 3733 alia
835 3666 946 3732 uirtute
968 3662 1104 3750 accipiat.
1130 3664 1208 3731 llinc

77 3782 178 3850 agens
201 3785 264 3853 quo
287 3767 427 3856 superius
449 3781 507 3857 est,
531 3791 569 3839 oo
590 3770 801 3839 inamediutiua
815 3766 880 3856 agit
893 3766 1122 3834 trnrrredintione
1142 3772 1209 3835 oir-

78 3866 171 3947 troia,
194 3889 230 3938 ao
251 3868 380 3957 proinde
403 3871 495 3961 ocus,
519 3893 590 3944 narn
613 3874 652 3941 sit
675 3874 782 3961 prior-o
795 3889 887 3939 enine
901 3868 1055 3953 omnirrno,
1072 3888 1129 3935 suo
1144 3871 1208 3935 oir-

126 4096 152 4165 ¹)
172 4094 201 4154 l'
218 4096 278 4168 2¹⁶,
298 4116 327 4169 a.
355 4099 403 4172 Vl,
422 4116 450 4156 n.
470 4097 488 4156 8
507 4115 548 4173 e.,
565 4110 595 4158 et
613 4116 642 4171 q.
661 4098 793 4173 uxxvlt,
814 4114 841 4156 a.
862 4096 927 4156 del
944 4095 963 4151 4
980 4111 1009 4154 c.
1030 4096 1093 4155 vid.
1112 4114 1135 4156 s.
1156 4099 1208 4153 lla·

86 4198 196 4255 niano„
217 4186 260 4243 De
280 4185 357 4246 dide
375 4185 505 4260 orthod,
523 4187 572 4243 lib.
595 4187 628 4257 ll,
649 4201 676 4243 e.
695 4184 742 4242 24.

1012 4254 1028 4291 1
