2760 4770
169 336 233 405 1111.
259 337 534 407 tesrntucurruu
557 357 622 406 nou
647 357 707 405 ssu
729 355 932 405 usuntcruu.
950 333 1041 419 tuest,
1057 330 1111 420 qui
1127 331 1245 399 absun-

124 439 184 525 hit,
208 461 272 508 non
295 441 363 508 ideo
387 440 418 508 in
440 461 576 528 errorem
600 436 768 522 inducitur,
793 437 862 525 quia
887 435 1043 505 abstrahit.
1071 428 1244 520 lntelligen'·

125 541 204 610 dum
227 552 329 612 autem
353 542 413 610 ltoc
433 552 480 611 est
501 561 564 610 non
584 538 707 628 quidem
730 539 767 608 dc
790 537 991 609 abstractione
1013 536 1170 627 nepotiuo,
1195 534 1244 602 set

126 644 380 737 deprominus,
404 643 576 732 dequibus
598 662 702 733 supra.
726 642 783 722 Qui
807 641 890 710 enirn
914 643 1044 709 alterum
1073 635 1243 726 cognoscit,

128 744 299 823 omittendo
321 748 463 832 alterum,
494 746 572 814 nihil
595 755 697 834 negat,
722 746 856 834 adeoquo
880 765 941 811 non
964 752 1070 823 errat3
1096 739 1246 828 siquidem

127 865 214 917 error
236 868 299 916 non
321 859 368 919 est
392 869 455 918 rem
483 847 615 935 aliquam
637 868 674 915 ex
700 855 782 935 parte
804 854 1040 935 cognoscereet
1063 842 1244 930 intelligere,

106 1014 110 1019 .
130 949 299 1018 dummodo
321 949 395 1017 nillil
425 949 453 1017 ei
473 969 657 1038 repugnans,
681 959 735 1017 aut
757 959 936 1016 extraneum
960 947 1136 1035 affingatur.
1172 944 1248 1014 Hinc

130 1051 185 1140 qui
200 1052 368 1120 considerat
396 1052 566 1138 hominem,
583 1053 658 1140 quin
682 1052 712 1120 in
735 1071 772 1118 eo
793 1050 962 1120 consideret
985 1049 1161 1133 rationem,
1185 1067 1248 1115 non

132 1152 304 1225 mentitur..
318 1152 406 1241 Item,
434 1177 449 1219 t
474 1156 644 1224 intellectus
668 1152 950 1222 mathematicorum
973 1171 1037 1219 non
1059 1160 1106 1219 est
1125 1149 1247 1236 tatsus,

133 1258 273 1348 quamvis
296 1261 378 1327 nulla
403 1259 480 1327 linea
514 1259 554 1330 sit
581 1247 768 1328 abstractae
793 1256 918 1350 materia
942 1255 973 1323 in
996 1255 1063 1324 re¹
1091 1279 1121 1322 t.

81 1353 84 1360 ’
128 1404 131 1413 ·
178 1361 326 1430 Haneob
347 1362 496 1455 rationem
520 1363 747 1433 demonstratur
769 1363 955 1430 intellectum
972 1377 1034 1426 non
1050 1377 1164 1444 errare,
1182 1378 1252 1426 cum

134 1461 297 1530 essentiam
320 1463 362 1531 rei
386 1463 425 1531 ab
446 1463 674 1547 accidentibus,
699 1463 945 1553 quibuscumque
970 1459 1067 1550 reipsa
1091 1460 1253 1550 coniungi-

134 1573 200 1644 tur,
224 1565 391 1634 seiunctam
415 1565 596 1635 considerat.

182 1666 258 1736 11111.
285 1669 413 1741 Acusus
438 1689 502 1740 nou
526 1689 643 1740 resurr
667 1689 762 1739 usuu.
782 1667 877 1738 Variis
899 1668 1047 1758 exemplis
1062 1689 1089 1736 s.
1108 1664 1256 1758 Augusti·

136 1789 197 1839 nus
220 1769 278 1838 hoc
299 1770 426 1840 ellatum
449 1764 618 1860 explicarit:
648 1772 752 1841 «Non
783 1772 861 1858 ideo,
886 1772 996 1862 inquit,
1020 1771 1254 1857 contemnenda,

134 1874 181 1938 vel
204 1872 380 1940 detestanda
403 1873 560 1962 virginitas
583 1873 882 1960 Sanctimonialium,
900 1874 969 1962 quia
993 1884 1022 1940 et
1041 1874 1171 1943 Vestales
1195 1873 1256 1940 vir·

137 1973 225 2062 giues
249 1973 398 2057 lueruut3
424 1975 465 2043 sic
492 1995 556 2043 non
585 1974 652 2043 ideo
675 1974 917 2062 reprehendenda
951 1973 1096 2043 sacrificia
1121 1987 1255 2064 patrum,

139 2075 213 2164 quia
235 2087 309 2145 sunt
331 2087 362 2144 et
384 2076 526 2144 sacrificia
550 2078 690 2165 gentium
714 2076 726 2114 ²
754 2102 784 2143 o.
818 2077 903 2145 ltem:
932 2102 945 2142 c
973 2077 1077 2166 Neque
1099 2080 1183 2146 enim
1208 2097 1261 2169 pro

140 2177 236 2266 patria
258 2197 320 2247 non
355 2188 400 2248 est
421 2179 584 2247 armandus
613 2180 726 2268 miles,
750 2180 822 2268 quia
844 2192 948 2249 contra
973 2181 1097 2269 patriam
1121 2181 1261 2250 nonnulli

142 2300 227 2348 armo
249 2291 436 2364 suntserunts
460 2292 514 2350 aut
537 2283 604 2352 ideo
632 2284 676 2351 uti
701 2303 764 2352 non
786 2284 897 2352 debent
918 2283 987 2351 boni
1003 2283 1145 2372 doctique
1160 2283 1264 2352 medi·

141 2381 170 2450 ci
193 2381 383 2453 ferramentis
407 2384 637 2455 medicinalibus
658 2388 695 2455 ad
718 2387 864 2472 salutem,
881 2386 953 2474 quia
973 2386 1020 2456 his
1035 2387 1072 2453 ad
1098 2387 1265 2476 perniciem

143 2486 233 2552 etiarn
259 2484 370 2553 indocti
397 2487 579 2578 pessimique
608 2487 805 2556 abutunturl
825 2511 854 2556 s.
873 2486 961 2555 Ratio
983 2499 1041 2575 est,
1065 2488 1149 2576 quia,
1166 2489 1266 2559 aiente

144 2588 250 2656 eodem
274 2599 379 2658 sancto
399 2590 541 2677 lloctore,
562 2613 576 2655 t
596 2612 659 2659 non
675 2593 802 2659 laeultas
815 2590 971 2679 culpabilis
985 2599 1042 2676 est,
1056 2593 1106 2661 sed
1130 2613 1164 2662 ca
1189 2595 1267 2661 male

145 2689 298 2772 utentium
323 2691 531 2780 perversitas⁴
550 2714 580 2774 »;
605 2693 759 2780 quocirca,
787 2714 801 2755 c
827 2711 888 2758 non
913 2689 978 2759 idco
1000 2694 1110 2764 debent
1132 2714 1207 2764 oves
1234 2716 1266 2764 o-

145 2789 224 2859 disse
240 2791 451 2860 vestimentum
472 2813 576 2878 suum,
588 2793 658 2881 quia
675 2797 854 2883 plerumque
869 2793 920 2862 illo
936 2815 967 2863 sc
983 2797 1134 2863 occultant
1152 2797 1268 2886 lupi⁵t.

193 2890 243 2963 111.
271 2894 435 2967 decessus
458 2916 518 2967 esu
542 2917 650 2983 unica,
675 2916 763 2974 ounu
791 2916 964 2966 necessus.
988 2895 1102 2986 Nempe
1123 2909 1171 2967 est
1188 2899 1270 2987 prior

146 3016 209 3065 non
232 2997 356 3086 quidem
379 2999 414 3065 itt
435 3002 629 3079 executionem
654 3021 725 3068 nam
751 3021 766 3063 tt
790 2999 823 3067 iu
845 2998 1022 3067 executione
1044 2999 1127 3087 prius
1150 3012 1199 3068 est
1224 3021 1270 3069 re·

147 3100 252 3168 cedere
274 3100 313 3177 ab
336 3100 564 3187 unoterminoq
587 3123 679 3190 quam
708 3101 849 3170 accedere
878 3101 916 3168 ed
938 3103 1070 3168 alterum
1089 3123 1132 3182 r;
1158 3103 1212 3170 sed
1235 3105 1269 3170 in

148 3200 326 3282 intentione
354 3212 509 3289 «propter
531 3201 589 3270 hoc
610 3201 692 3270 enim
722 3202 874 3271 receditur
895 3202 934 3270 ab
956 3224 1020 3271 une
1043 3201 1205 3292 termino,
1238 3213 1272 3270 ut

150 3302 308 3370 accedatur
329 3305 366 3371 ad
388 3305 519 3373 alterum
542 3306 603 3375 ⁶».
628 3304 723 3375 Cuius
750 3305 827 3374 ratio
848 3314 905 3392 est,
929 3307 999 3394 quia
1027 3326 1199 3377 «accessus
1223 3327 1273 3395 per

151 3423 183 3472 se
205 3403 326 3494 respicit
348 3406 388 3493 id,
412 3408 494 3496 quod
516 3418 562 3476 est
584 3407 769 3479 conveniens
789 3418 928 3495 naturae,
951 3428 1086 3478 recessus
1101 3419 1205 3478 autern
1223 3428 1273 3499 per

151 3526 185 3576 se
206 3506 327 3596 respicit
343 3506 392 3597 id,
415 3511 498 3598 quod
522 3519 568 3580 est
590 3508 807 3579 contrarium⁷
832 3531 863 3575 r.

191 3725 216 3795 ¹)
233 3727 263 3785 S.
283 3726 397 3798 Thom,
418 3727 448 3786 lo
469 3728 518 3785 llb.
537 3729 549 3785 1
567 3727 659 3798 senc,
681 3726 749 3784 Dist.
768 3724 858 3800 XXX,
877 3743 906 3800 q.
924 3727 945 3801 l,
965 3741 992 3783 a.
1013 3723 1098 3787 teet.

189 3813 215 3879 2)
235 3812 333 3871 Contr.
354 3815 504 3885 Faustum,
525 3813 574 3868 lib.
589 3810 658 3882 1111,
677 3826 704 3867 e.
723 3811 771 3868 21.

193 3894 218 3963 ³)
237 3898 347 3954 Contra
368 3901 516 3968 crescon,
537 3897 582 3951 lib·
605 3895 625 3966 Ι,
644 3911 671 3951 ⁰·
692 3894 718 3953 l·

191 3981 215 4050 ⁴)
235 3982 278 4039 De
297 3984 398 4040 Docta.
420 3983 537 4051 Christ,
557 3980 606 4036 lib.
627 3979 660 4051 11,
680 3995 707 4035 c.
722 3977 768 4036 dd.

191 4067 216 4135 ⁵)
237 4067 331 4123 serm.
352 4069 437 4124 Dom.
457 4067 488 4122 in
506 4076 613 4134 monte,
634 4065 682 4121 tio.
704 4065 738 4140 11,
757 4081 783 4123 c.
797 4063 844 4124 24,

168 4194 172 4200 .
192 4155 217 4224 ⁶)
237 4153 339 4221 Mn,
358 4173 386 4225 q.
409 4153 537 4224 1111Χ111,
555 4169 582 4210 a.
603 4151 675 4208 2-ad
695 4152 723 4212 3,

193 4241 217 4314 ⁷)
239 4239 325 4316 llud,
345 4261 371 4314 q.
393 4241 519 4315 11111111,
540 4258 567 4298 a.
589 4238 599 4294 1
623 4253 650 4296 c.
674 4270 677 4275 ·
790 4264 792 4269 ·
