2760 4770
126 365 143 408 a
166 342 228 409 lico
252 339 357 409 habuit
380 341 475 406 homo
498 339 529 406 in
546 339 693 429 principio
708 341 868 409 curationis
886 340 949 409 sire
971 341 1153 423 secundum
1175 362 1248 410 coru·

127 464 252 512 munem
276 454 402 511 naturae
429 462 579 529 cursum,
614 440 677 513 sive
710 463 763 531 per
796 441 980 512 beneficium
1006 442 1131 530 gratiae
1147 444 1171 514 ¹.
1197 442 1249 511 lam

128 547 266 615 naturale
290 545 346 615 hac
367 547 459 615 altera
480 543 598 616 ratione
612 555 770 635 acceptum
787 544 891 613 minus
915 545 1040 631 proprie
1063 543 1184 614 dicitur
1202 564 1249 611 aa·

128 648 228 719 tarrole
244 646 270 729 ²;
294 649 512 716 altercantem
534 646 654 716 ratione
674 657 718 716 est
743 645 862 736 proprie
885 645 1042 733 naturale,
1067 657 1103 714 et
1127 646 1194 714 ideo
1212 646 1250 713 di·

128 750 209 819 citur
231 750 436 819 cornatarale.
467 749 503 818 E.
529 769 577 837 g.,
614 746 846 832 immortalitas,
880 767 939 835 qua
976 746 1103 837 primus
1126 748 1250 817 homoa

127 851 190 919 Deo
214 851 244 918 in
268 853 421 921 creatione
443 851 573 920 donatus
596 851 666 938 suit,
691 851 748 919 dici
764 862 861 939 polest
881 849 983 940 aliquo
1007 851 1110 919 modo
1132 858 1249 920 aalma

127 954 177 1040 lis,
200 954 272 1042 quia
298 957 328 1023 iu
352 955 414 1042 ipsa
438 965 564 1023 naturae
585 953 737 1023 creatione
761 954 843 1022 illam
866 974 884 1021 a
908 952 972 1021 Deo
995 954 1144 1044 accepit;
1169 975 1249 1021 num·

124 1079 217 1145 quam
241 1078 312 1125 roro
334 1058 557 1141 immertalis,
581 1057 653 1146 quia
676 1068 802 1125 naturae
826 1055 993 1146 proprietas
1017 1075 1086 1123 non
1111 1065 1182 1142 est,
1204 1074 1248 1123 scu

126 1182 164 1227 ex
187 1170 313 1226 naturae
336 1157 491 1246 principiis
527 1179 589 1226 nou
613 1156 706 1245 fluit,
742 1177 842 1247 neque
875 1155 931 1247 ipsi
960 1166 1009 1225 est
1031 1155 1157 1228 debita.
1181 1155 1250 1223 Hinc

127 1284 154 1329 s.
180 1257 401 1329 Bonarentura:
431 1282 446 1325 r
473 1259 639 1329 Dicendum
663 1262 745 1348 quod
769 1280 831 1328 non
853 1279 957 1344 omne,
983 1258 1073 1346 quod
1101 1257 1182 1326 inest
1202 1258 1248 1326 ha·

128 1361 204 1429 mini
228 1383 244 1429 a
268 1361 415 1450 principio
437 1381 509 1431 suae
536 1360 712 1448 natiuitatis,
744 1363 881 1431 natumle
903 1371 960 1446 est,
988 1359 1048 1429 nisi
1075 1361 1250 1430 extendatur

125 1464 186 1531 hoc
209 1482 320 1531 nomen
344 1464 510 1546 mturole3
543 1464 641 1532 multa
663 1467 746 1533 enim
770 1464 849 1534 bona
874 1462 967 1552 gratis
991 1462 1068 1530 data
1093 1481 1250 1531 concrean-

128 1576 191 1649 tur,
214 1575 245 1633 et
265 1565 377 1634 dantur
400 1587 472 1636 cum
495 1577 615 1654 natura,
640 1565 720 1634 sicut
743 1567 868 1656 planam
890 1576 937 1635 est
952 1565 999 1631 ³».

177 1663 227 1732 ΙΙΙ.
254 1663 894 1738 ΙΙΙτ33331333-8333333333333333.
920 1665 951 1733 t·
970 1665 1178 1735 Naturaliter
1198 1665 1252 1735 fieri

103 1796 107 1806 ·
129 1765 365 1852 diciturillud,
389 1769 472 1857 quod
494 1769 596 1837 evcnit
619 1767 790 1837 secundum
813 1778 999 1837 consuetum
1021 1777 1161 1840 naturae
1183 1765 1253 1835 ordi

129 1889 213 1955 nem,
237 1868 291 1957 qui
315 1868 450 1958 protecto
472 1869 564 1939 etiam
579 1869 694 1940 Causae
717 1869 831 1958 primae
852 1869 1043 1943 ortlinarium
1072 1888 1253 1939 concursura

127 1969 348 2058 complectitur.
376 1969 413 2038 tt.
439 1994 486 2058 g„
510 1972 697 2041 austratem
730 1982 865 2060 ternpore
898 1971 1013 2040 aestivo
1038 1972 1169 2060 plantae
1199 1992 1253 2040 cra-

129 2081 232 2142 seunt.
259 2071 292 2141 2⁰
320 2072 508 2141 naturaliter
531 2075 563 2142 tit
588 2074 617 2142 id
640 2075 722 2162 quod
751 2096 815 2143 non
837 2075 957 2143 excedit
983 2074 1153 2162 agentium
1176 2086 1252 2142 natu·

130 2172 243 2241 ratium
267 2174 358 2254 vires;
388 2194 416 2242 e.
436 2196 482 2263 g.,
506 2176 690 2244 natruuliler
714 2189 959 2267 peropportuna
987 2176 1131 2245 remedia
1155 2174 1252 2246 sanitas

128 2271 253 2340 infirmo
275 2274 458 2344 restituitur.
493 2275 526 2345 3⁰
553 2278 725 2363 normate,
750 2298 804 2346 seu
828 2278 929 2364 potius
956 2279 1193 2365 emamaaata,
1216 2276 1252 2345 ati

132 2371 193 2443 iarn
216 2375 445 2464 explicavimus,
470 2379 580 2448 dieitur
607 2378 650 2465 id,
676 2380 759 2469 qnod
790 2380 1001 2468 expostulatur
1024 2400 1043 2446 3
1071 2381 1251 2451 naturalibus

133 2476 300 2566 principiis
325 2499 361 2545 ex
391 2479 506 2567 quilius
529 2500 576 2549 res
599 2480 810 2567 constituitur,
843 2500 950 2569 nempe
973 2478 1004 2547 id
1027 2483 1122 2568 quod
1147 2505 1164 2548 r
1188 2502 1249 2552 ran-

135 2577 214 2645 veuit
239 2578 297 2647 sibi
321 2581 490 2647 secundum
526 2579 732 2649 conditionem
758 2602 830 2648 suae
853 2580 968 2649 tor-maa
994 2633 1003 2666 ,
1030 2602 1090 2668 pec
1113 2605 1206 2672 quam
1223 2583 1248 2651 in

132 2677 183 2762 tali
206 2690 314 2747 natura
344 2679 571 2749 constituitur⁴
591 2704 634 2747 a:
661 2682 699 2748 ita
728 2681 864 2768 cognitio
888 2703 992 2749 rerum
1017 2682 1247 2774 intelligibilium

129 2780 189 2847 sub
212 2780 308 2847 forma
331 2782 466 2851 sensibili
501 2793 547 2850 est
576 2781 694 2850 homini
717 2784 932 2853 connaturrlis.
968 2786 1246 2872 Supernaturalitu

130 2899 203 2947 vero
226 2880 258 2948 l⁹
280 2883 314 2950 fit
339 2884 431 2972 ittud,
448 2887 531 2973 quod
562 2884 660 2952 evenit
685 2907 737 2974 per
766 2885 1045 2959 extraordinarium
1074 2910 1244 2959 concursum

130 2981 244 3051 Causae
274 2984 412 3074 primae,
452 3008 505 3055 seu
541 2988 583 3054 ita
608 2999 640 3054 ut
664 2986 744 3056 Deus
767 2988 908 3057 effectum
930 2988 1065 3078 aliquem
1090 2994 1242 3061 naturalem

127 3084 192 3152 sine
213 3085 309 3154 causis
333 3088 524 3157 naturalibus
547 3099 643 3177 agat:
681 3089 720 3159 ita
745 3091 830 3159 tieret
861 3089 978 3159 sanatio
1001 3096 1089 3181 aegri
1115 3093 1242 3186 temporis

129 3197 300 3256 momento.
328 3188 361 3255 2⁰
386 3188 475 3274 illud,
508 3191 589 3276 quod
614 3200 739 3262 naturae
769 3203 885 3261 creatae
919 3193 996 3260 vires
1020 3214 1152 3282 prorsus
1172 3212 1241 3266 eroe-

127 3288 185 3371 dit,
211 3299 282 3374 puta
306 3291 398 3358 maris
427 3289 552 3378 divisio,
578 3304 614 3361 ut
637 3295 866 3365 transeuntibus
889 3294 947 3363 iter
961 3297 1119 3385 praebeat,
1143 3298 1240 3369 mortui

128 3389 166 3455 acl
191 3389 281 3458 vitam
306 3393 457 3462 revocatio
491 3405 550 3463 eto.
586 3394 665 3464 Hinc
696 3396 746 3465 illa
777 3396 879 3485 mira,
914 3418 994 3486 quae
1016 3418 1079 3489 ope
1100 3398 1256 3475 daemonic·

129 3491 219 3578 fiunt,
243 3514 380 3581 rpuaerpue
403 3495 527 3565 effectus
550 3497 662 3585 magici
686 3510 858 3586 vocantur,
883 3520 946 3567 non
969 3500 1029 3568 nisi
1054 3503 1182 3574 relative
1199 3522 1240 3570 su·

127 3596 339 3680 pernaturalia,
365 3609 456 3684 prout
479 3620 495 3665 a
519 3609 666 3686 creatura,
690 3622 768 3689 quae
791 3603 883 3671 altera
899 3604 1041 3689 superior
1056 3618 1115 3694 est,
1142 3606 1239 3695 produ

125 3705 250 3784 cuntur,
277 3719 446 3786 numquam
472 3720 542 3770 vero
566 3701 700 3773 obsolute
730 3704 968 3794 supernaturalia
992 3718 1082 3791 sunt3
1106 3706 1238 3797 siquiden

168 3956 190 4024 Ι)
210 3958 291 4024 ibim,
311 3977 339 4028 q.
360 3958 474 4030 XXXV,
495 3975 522 4015 a.
545 3957 561 4014 3
580 3961 615 4015 ad
635 3960 663 4015 2.

165 4040 189 4105 ²)
210 4041 238 4095 lu
261 4043 309 4096 tib.
330 4043 363 4098 tv
375 4045 471 4111 Seru.⁹
498 4044 567 4101 nist.
589 4045 716 4116 XVll,q.
740 4045 788 4115 ΙΙΙ,
807 4060 835 4100 a.
857 4044 878 4115 Ι,
899 4047 953 4103 sol.
973 4046 992 4102 2
1009 4064 1039 4107 c.

165 4123 187 4192 Ι)
207 4122 236 4181 ln
256 4125 304 4181 lib.
331 4127 464 4199 liseria,
487 4129 554 4186 nist.
575 4128 651 4196 XIX,
670 4145 697 4185 a.
719 4129 765 4196 ΙΙΙ,
786 4148 812 4201 q.
835 4130 845 4183 Ι
863 4132 905 4187 (ul
924 4148 992 4203 (ινφ.

160 4210 184 4282 ⁴)
204 4211 232 4267 S.
253 4210 367 4286 Tuom,
388 4214 416 4269 ln
436 4215 485 4273 lili.
507 4215 528 4270 ΙΙ
548 4216 640 4290 Scan,
663 4215 729 4275 llist.
755 4214 882 4285 ΧΙΙΧΙΧ,
904 4236 931 4288 q.
956 4217 988 4291 ΙΙ,
1008 4236 1038 4277 a.
1057 4221 1077 4283 τΙ
1099 4225 1156 4287 tol·
