2760 4770
123 399 208 467 ciem
232 403 387 489 qmtitotr'a
412 403 436 468 ¹.
461 400 580 471 Scilicet
603 410 676 470 sunt
697 400 869 491 qualitates,
896 420 975 491 qliae
996 403 1166 493 quamdam
1184 423 1252 493 per-

122 500 336 571 turbationem
360 501 582 573 insubstantia
605 501 791 593 producunt,
804 502 850 571 rel
872 502 914 573 ob
934 501 1194 592 perturbationem
1217 503 1250 573 iu

127 603 302 671 substantia
325 605 502 693 productam
525 604 558 672 in
579 603 687 672 eodem
700 600 838 672 subiecto
860 602 1018 687 orientum
1033 625 1111 694 e.g.‚
1136 614 1249 692 melna,

125 703 184 793 ‹pui
203 714 320 793 statum
345 706 479 778 bominis
517 706 700 795 perturbat,
722 714 755 774 et
782 705 902 794 pallor,
927 706 980 795 qui
1003 724 1041 774 ex
1064 716 1175 794 metu,
1198 705 1253 794 qui

127 818 247 875 statum
269 809 402 877 bominis
425 809 603 898 perturbat,
627 806 659 875 in
681 806 747 876 eius
769 808 857 875 vultu
879 805 1021 877 ellieitur.
1046 807 1122 897 lam,
1146 809 1171 877 si
1195 807 1252 878 bae

127 909 292 996 ‹paralitates
313 911 420 980 firmae
440 920 524 998 sunt,
555 922 587 980 et
608 908 782 994 diuturnae,
804 907 945 997 utiliter
967 909 1153 997 pcotitotes,
1178 919 1253 998 puta

130 1012 232 1100 pellm
251 1033 289 1082 cx
312 1012 403 1099 longa
425 1009 614 1099 aegritudine
636 1018 743 1090 ortus;
767 1007 815 1079 sin
837 1007 899 1079 cito
921 1008 1074 1095 diffluant,
1096 1011 1253 1100 passiones

123 1105 285 1200 dicuntur,
310 1123 381 1203 puta
406 1114 512 1201 pellor,
536 1110 590 1201 qui
613 1132 651 1180 ex
675 1120 759 1179 metu
782 1109 931 1200 gignitur.
959 1111 1097 1181 Pattttte
1118 1111 1250 1201 qualitas

126 1210 170 1280 ita
193 1224 410 1303 nuncupatur,
436 1214 505 1303 quia
533 1213 596 1302 ipse
621 1210 740 1301 proprie
773 1211 973 1282 substantiam
1001 1212 1123 1301 qualem
1144 1210 1247 1296 ellieit3

124 1335 159 1383 e.
183 1337 228 1405 g.‚
252 1338 290 1385 ex
313 1317 404 1385 firmo
424 1326 455 1386 et
477 1316 628 1386 constanti
653 1315 765 1384 rubore
789 1313 899 1403 aliquis
922 1312 1015 1383 ruber
1037 1311 1160 1401 dicitur,
1184 1332 1250 1383 non

123 1429 232 1487 autem
256 1418 281 1485 si
304 1417 373 1507 quis
395 1418 572 1487 verecundia
595 1417 720 1505 rubeat,
737 1416 830 1485 ruber
844 1415 1067 1487 denominatur.
1085 1414 1251 1487 Huiusmo-

124 1516 160 1583 di
183 1519 343 1606 qualitates
376 1519 550 1609 proprisio
575 1519 665 1587 rebus
693 1516 846 1609 corporeis
867 1517 1076 1606 inveniuntur,
1100 1528 1141 1606 et,
1165 1517 1250 1588 siin

125 1616 265 1685 aninum
289 1639 410 1708 quoque
432 1619 561 1707 coelunt,
587 1618 616 1687 id
638 1621 750 1706 evenit,
774 1627 926 1706 quatenus
948 1619 1022 1688 haec
1043 1639 1154 1708 eorpus
1175 1620 1248 1689 sub-

125 1720 306 1788 stantialiter
327 1719 386 1790 sibi
412 1721 612 1789 coniunctum
636 1721 739 1789 habet.
768 1719 901 1788 Proinde
923 1720 1124 1790 inveteratum
1140 1721 1248 1791 odium

122 1818 303 1889 Scholastiei
325 1824 475 1911 appellant
497 1823 673 1910 poolilotem
701 1820 868 1910 patibilem
893 1821 1015 1890 brevem
1039 1822 1114 1891 iram
1138 1834 1248 1894 vocant

119 1925 310 2009 passionem.

178 2023 230 2093 tx.
248 2024 430 2095 Pearuorru
445 2043 553 2101 ouotu
571 2041 908 2101 enarrarunt-auore
926 2042 1246 2104 vrururutt-ouoao

122 2144 236 2193 rruau.
265 2127 414 2212 Perfeetio
436 2128 570 2195 entitotis
592 2124 712 2214 respicit
735 2146 799 2195 rem
823 2125 855 2195 in
877 2147 933 2197 sua
955 2127 1246 2218 subornatumque

119 2235 170 2293 est
192 2226 293 2311 forrum
315 2229 417 2314 tutior,
431 2248 507 2314 qliae
530 2248 569 2295 ear
583 2227 758 2315 intepuitote
773 2230 912 2315 portium
935 2232 1087 2319 oomrrrpit
1101 2228 1248 2321 ².Nempe

122 2328 203 2396 illud
225 2328 334 2397 dieitur
356 2330 456 2418 quood
478 2330 634 2397 entitatem
658 2329 844 2416 perlectum,
858 2329 909 2396 oui
932 2330 1007 2398 nihil
1030 2332 1115 2400 deest
1136 2332 1174 2399 aa
1197 2330 1247 2401 sui

124 2432 300 2517 essentiam,
325 2432 482 2521 nequead
506 2431 555 2500 sui
578 2431 796 2519 integritatem.
821 2431 886 2500 lloe
909 2432 1001 2500 modo
1024 2432 1135 2501 dicitur
1151 2435 1248 2504 homo

117 2533 275 2622 perlectus
297 2532 328 2601 in
352 2555 406 2602 sua
430 2535 549 2626 specie,
574 2554 611 2600 ex
635 2533 694 2600 boe
716 2534 800 2623 quod
826 2543 1003 2601 constater
1026 2533 1126 2602 anime
1149 2534 1244 2607 ratiu-

125 2633 203 2720 nali,
226 2644 256 2701 et
278 2656 414 2725 corpore:
437 2639 590 2728 perlectus
612 2636 747 2725 eorporis
779 2635 963 2727 integritate,
982 2637 1009 2709 si
1032 2639 1116 2707 nulla
1139 2638 1167 2709 ei
1190 2641 1244 2710 de·

124 2734 167 2805 sit
190 2739 324 2824 eorporis
349 2761 426 2828 pus:
453 2752 482 2808 et
506 2740 617 2807 iustam
644 2738 950 2829 temulentorum,
976 2742 1246 2833 membrorumque

125 2840 367 2926 proportionem.
389 2844 561 2928 Perfectum
583 2841 750 2910 securatam
773 2841 918 2909 uirtutem
934 2840 1145 2933 diciturillud,
1161 2846 1246 2935 qtrod

126 2942 205 3009 tene
227 2964 258 3012 se
280 2945 368 3014 habet
391 2946 422 3013 in
445 2945 588 3033 operibus
610 2942 665 3012 sibi
691 2943 832 3033 propriis;
856 2963 964 3033 nempe
985 2945 1068 3034 quod
1084 2967 1140 3014 nee
1163 2949 1243 3038 plus,

125 3062 183 3109 neo
208 3043 309 3112 minus
331 3046 433 3134 lrabct,
458 3067 550 3135 apuam
574 3044 657 3134 quod
679 3044 767 3112 debet
789 3042 910 3131 habere,
936 3052 971 3110 ut
992 3066 1048 3114 sua
1072 3067 1161 3135 opem
1179 3067 1245 3137 per-

124 3144 218 3211 liciat:
244 3147 308 3216 lloe
331 3167 420 3216 sensu
443 3145 554 3216 dieitur
572 3146 725 3235 perfectus
751 3145 913 3230 medicus,
938 3145 963 3212 si
986 3143 1015 3214 ei
1039 3166 1102 3215 nen
1124 3149 1244 3218 deficiat

122 3243 260 3334 aliquid,
284 3250 367 3338 qarod
392 3246 537 3338 pertineat
559 3248 596 3315 ad
620 3246 750 3334 speciem
772 3245 911 3336 propriae
934 3243 1055 3318 virtutis
1079 3247 1104 3315 ³.
1130 3249 1246 3320 Secun-

123 3348 199 3414 ‹lum
225 3350 307 3417 hune
330 3348 520 3439 perfectionis
553 3348 680 3417 modum
708 3347 826 3415 utimur
855 3349 913 3415 boo
946 3348 1071 3420 nomine
1093 3350 1185 3420 etiam
1210 3356 1243 3423 in

124 3449 240 3536 nuntie,
265 3461 337 3538 puta
360 3473 432 3519 oum
465 3450 597 3520 dicimus
625 3448 792 3539 perlectum
826 3447 1076 3519 calumniatorem
1099 3462 1130 3519 ot
1152 3454 1244 3523 latro·

124 3568 196 3617 nem
220 3551 246 3637 ⁴,
270 3573 343 3621 cum
367 3553 415 3621 isti
440 3552 640 3622 nullomodo
668 3550 816 3620 deliciunt
838 3550 877 3618 ab
899 3570 961 3638 eo,
985 3552 1070 3640 quod
1092 3551 1137 3620 eis
1158 3573 1243 3623 eom-

123 3651 199 3738 petit
220 3664 371 3740 quatenus
393 3669 466 3723 sunt
498 3655 581 3723 tales,
607 3652 711 3742 Neque
742 3651 855 3721 mirum
878 3661 951 3739 est,
977 3654 1002 3721 si
1025 3651 1059 3722 in
1082 3651 1141 3740 his,
1166 3675 1244 3744 quae

120 3750 272 3821 ‹leleetum
296 3755 440 3842 indicant,
466 3766 589 3824 utamur
611 3752 734 3822 nomine
752 3752 958 3842 permotionem
982 3754 1026 3823 sie
1047 3753 1130 3824 enim
1152 3757 1242 3843 latro,

121 3856 327 3926 calumniator
347 3869 407 3927 etc.
447 3880 479 3929 sc
507 3858 619 3925 hebent
647 3854 767 3924 insuia
790 3853 1028 3945 operationibus,
1052 3856 1121 3926 lioct
1145 3859 1243 3947 unalis,

121 3956 203 4025 sieut
224 3957 297 4027 boni
321 3959 352 4028 in
377 3960 476 4031 bonis.
502 3959 636 4049 Denique
667 3958 880 4047 perlectionem
909 3958 979 4047 fillis
1000 3957 1111 4030 dieitur
1135 3958 1244 4029 babere

158 4171 184 4236 ¹>
205 4172 269 4235 vra.
292 4173 343 4232 rae
366 4174 462 4247 p-rp
481 4173 502 4246 r,
521 4192 548 4247 q.
570 4172 689 4243 urxru,
710 4186 737 4227 a.
759 4170 781 4240 r,
802 4186 830 4229 c.

160 4256 184 4329 ³)
203 4258 234 4314 n
254 4259 302 4315 uo.
325 4259 346 4319 v
367 4261 447 4333 rtet,
468 4262 533 4317 ren.
555 4257 710 4329 xvrrr.·-⁴)
729 4255 790 4314 vau.
811 4271 837 4329 p.
858 4253 923 4314 ta.-
