2760 4770
121 385 250 476 realiter,
267 388 339 478 quia
362 388 528 478 spiritualis·
559 390 672 478 specics
695 389 727 459 in
750 388 804 459 illo
826 390 981 482 recipitur:
1011 414 1026 456 r
1052 391 1180 471 ornando
1201 391 1248 459 di·

122 494 218 576 citur,
242 491 324 579 quod
348 491 385 559 ad
409 500 513 559 actum
537 490 724 579 intelligendi
743 490 909 580 requiritur
924 494 1007 582 quod
1030 514 1066 562 ex
1092 493 1246 563 intellecto

123 601 158 658 et
182 590 377 680 intelligentia
401 593 452 660 dat
468 615 579 682 unum,
596 596 656 662 lroc
671 593 853 683 intelligitur
866 606 1019 683 quantum
1041 597 1079 663 ad
1104 595 1245 682 speeiem,

125 714 207 781 (puae
229 693 338 762 unitur
360 693 539 781 intellectui,
570 715 634 764 non
657 704 808 784 quantum
832 696 992 783 adipsum
1015 696 1168 765 obiectum
1191 718 1244 765 er·

124 794 296 864 trinseoum
314 796 360 868 ¹».
386 795 420 866 3⁰
442 795 593 866 Tandem:
620 797 808 866 Intellectum
834 817 898 866 non
922 797 988 866 sieri
1009 797 1112 867 omnia
1135 798 1175 866 ita
1197 807 1245 885 ut,

124 898 281 986 propriam
303 906 444 967 naturam
466 897 645 987 amittendo,
669 901 799 969 alterum
818 900 934 987 eradat,
957 901 1021 988 sed,
1047 900 1166 989 propria
1188 920 1243 970 ua-

125 1008 197 1067 tura
218 1010 346 1082 servata;
369 1003 476 1071 eodem
500 1004 604 1090 modo,
628 1022 691 1093 quo
714 1003 790 1093 lapis
816 1003 929 1072 dieitur
951 1003 1016 1073 lieri
1039 1004 1167 1077 calidus.

172 1101 276 1191 ltaque
299 1103 475 1174 Scholastici
508 1105 679 1174 bucellato
712 1125 812 1193 neque
834 1105 912 1174 illud
940 1106 1139 1197 significant,
1162 1107 1246 1196 quod

121 1203 357 1291 ¹Materialistae,
382 1226 491 1294 nempe
512 1208 647 1274 animem
670 1225 708 1274 ex
730 1204 889 1274 elementis
911 1227 1018 1276 rerum
1037 1209 1245 1294 naturalium,

124 1327 205 1395 quas
227 1308 399 1396 cognoscit,
423 1318 561 1379 constare
577 1307 602 1397 ²,
627 1326 727 1397 neque
748 1306 848 1397 illud,
872 1309 956 1399 quod
979 1308 1168 1380 Pantheistae
1189 1307 1246 1377 ob-

124 1409 290 1498 ganniunt,
315 1409 504 1479 intellectum
525 1418 557 1478 et
577 1430 643 1479 rem
666 1408 850 1479 intellectam
872 1431 971 1481 unum
993 1410 1135 1502 idemque
1156 1408 1190 1478 iu
1210 1429 1246 1480 se

120 1530 201 1596 esse,
226 1511 279 1581 sed
302 1511 379 1580 illud
402 1511 582 1600 dumtaxat,
617 1522 721 1581 actum
743 1510 954 1583 intellectionis
975 1513 1109 1584 exerceri
1132 1533 1185 1604 per
1205 1534 1244 1581 u-

120 1615 250 1686 nionem
275 1615 368 1706 ideae,
392 1614 454 1686 sire
476 1616 593 1686 lormae
616 1615 813 1704 intelligibilis
835 1637 908 1686 cum
929 1616 1097 1705 intellectu,
1121 1638 1158 1686 ex
1180 1636 1242 1706 qua

120 1716 239 1786 unione
261 1737 327 1787 non
361 1717 484 1807 quidem
515 1719 654 1788 identitas
677 1718 744 1807 rei,
776 1729 807 1788 et
830 1718 1014 1807 intellectus,
1039 1728 1130 1810 prout
1152 1717 1184 1787 in
1206 1738 1244 1790 se

119 1829 208 1908 sunt,
231 1819 374 1909 edicitur,
396 1821 449 1891 sed
472 1822 613 1890 identitas
636 1821 750 1890 formae
767 1819 966 1911 intelligibilis
988 1820 1032 1891 rei
1055 1840 1128 1890 cum
1149 1819 1241 1890 intel·
1320 1814 1323 1819 ’

120 1921 217 2007 lectu,
242 1932 335 2011 prout
356 1923 393 1992 ad
415 1932 518 1991 actum
540 1921 726 2012 cognitionis
748 1922 892 1993 reduetus
914 1932 973 1994 est.

168 2022 249 2097 XXl.
275 2026 432 2098 lnrnnrro
454 2046 607 2098 urrunsa
630 2047 688 2096 asr
711 2046 754 2096 nn
779 2046 926 2097 srecrnn.
955 2049 971 2092 r
997 2023 1130 2095 lntentio
1151 2033 1241 2094 natu-

119 2144 175 2195 rae
195 2132 243 2195 est
275 2127 479 2220 principaliter
512 2129 549 2198 ad
584 2127 715 2217 speeiem
747 2127 1011 2197 conservandam³
1036 2152 1068 2199 a.
1096 2126 1238 2217 Scilicet,

123 2248 139 2291 e
166 2227 296 2298 intentio
317 2241 443 2300 naturae
464 2251 528 2302 non
550 2232 735 2301 terminatur
748 2230 788 2300 ad
804 2229 1033 2321 productionem
1049 2232 1165 2300 formae
1188 2251 1242 2321 ge·

118 2330 205 2401 neris
218 2332 246 2415 4;
262 2353 341 2424 eg,
356 2346 485 2406 naturae
499 2335 629 2405 intentio
644 2356 708 2405 non
724 2335 804 2404 sistit
822 2332 855 2402 in
871 2335 1067 2424 generatione
1088 2332 1239 2421 animalis,

119 2435 175 2503 sed
198 2433 329 2507 intendit
361 2442 508 2527 generare
541 2435 727 2506 hominem⁵
748 2457 779 2517 n;
814 2456 915 2523 neque
947 2436 984 2503 ad
1019 2434 1238 2518 individuum3

121 2556 137 2601 r
164 2549 274 2606 natura
295 2538 376 2607 enim
392 2538 521 2608 intendit
536 2557 681 2628 generare
695 2536 863 2625 hominem,
880 2557 944 2607 non
957 2538 1042 2606 hune
1064 2535 1236 2627 hominem,

119 2640 179 2708 nisi
203 2640 407 2729 inquantum
442 2643 536 2712 lromo
559 2662 621 2712 non
656 2651 754 2731 potest
784 2661 869 2730 esse,
906 2640 964 2711 nisi
987 2640 1038 2711 hic
1060 2643 1184 2711 Ιιοῐῐιο8
1204 2665 1233 2710 i.

118 2746 223 2825 Quare
245 2742 467 2816 individuorum
490 2745 703 2838 multiplicatio
731 2765 794 2817 nou
816 2757 862 2816 est
885 2745 944 2819 nisi
966 2746 1008 2816 ob
1026 2743 1235 2819 conservatio·

119 2868 194 2916 nem
217 2848 324 2938 speciei
340 2850 366 2920 ⁷,
1116 2872 1119 2877 ·

155 3758 180 3830 ¹)
198 3759 228 3815 S.
249 3762 330 3833 Bon,
349 3761 379 3817 ln
398 3759 448 3820 lib.
468 3762 491 3819 ll
509 3762 601 3833 Seru,
622 3760 691 3819 Dist.
711 3759 809 3833 Xl'lll,
828 3774 857 3817 a.
876 3758 911 3832 ll,
929 3778 957 3834 q.
979 3758 992 3817 l
1011 3764 1052 3823 nd
1069 3778 1139 3838 urp.

155 3844 182 3913 2)
202 3842 263 3899 vro.
282 3862 306 3903 s.
325 3845 440 3919 riom,
462 3849 483 3917 r,
501 3867 528 3919 q.
549 3847 696 3921 exxxrv,
715 3864 743 3906 a.
760 3847 778 3905 2
797 3862 825 3906 e.
844 3857 873 3908 er
891 3849 927 3905 aa
946 3847 974 3906 a.

157 3927 181 3999 ³)
200 3928 244 3986 De
266 3932 350 4003 Ver.‚
369 3949 396 4003 (ι.
417 3933 463 4006 lll,
481 3949 510 3989 a.
529 3932 548 3988 8
565 3948 593 3992 c.

152 4017 178 4082 ⁴)
197 4013 268 4069 lbid.

153 4097 177 4166 ⁵)
197 4098 218 4168 Ι,
238 4117 266 4169 q.
285 4101 420 4173 LXXXV,
440 4116 468 4159 a.
488 4102 506 4159 3
524 4105 560 4160 ad
581 4101 608 4161 l.

153 4182 178 4245 ᾗ)
197 4182 251 4255 Qn.
270 4186 379 4260 uispp,
397 4207 426 4261 n.
444 4206 494 4245 un.
515 4192 558 4246 De
575 4206 639 4263 on„
658 4206 687 4251 a.
709 4187 744 4249 18
762 4204 791 4250 u.

153 4268 174 4337 ⁷}
195 4267 256 4329 vid.
276 4287 350 4343 quae
367 4274 490 4335 diximus
508 4291 535 4348 p.
557 4273 619 4334 180.
