2760 4770
131 369 170 438 ln
191 367 333 440 meridies
358 369 383 439 ¹.
407 367 552 450 Quocirca
576 389 624 438 res
647 387 684 434 ex
708 362 802 434 nihilo
822 361 985 453 productae
1006 360 1168 449 dicuntur,
1185 359 1252 451 quin

134 470 313 562 inceperunt
333 491 411 558 esse,
435 491 506 539 curn
531 469 606 538 nibil
629 479 704 556 erat,
721 466 795 558 quin
817 488 852 535 ex
877 466 978 558 aliqua
1002 465 1136 536 materia
1154 484 1252 557 praee·

127 572 258 643 ,sistente
280 571 372 642 luctae
400 571 524 641 luerint.

128 706 133 712 ·
177 673 285 759 luseite
306 674 401 765 igitur
423 684 559 762 veteres,
584 681 778 761 recentesque
809 670 972 741 creationis
988 668 1155 739 adversarii
1181 667 1253 736 illud

122 774 260 863 ‘ellaturp
281 777 319 846 ad
342 775 582 868 impugnandam
619 794 722 843 rerum
750 773 983 867 productionem
1015 793 1053 843 ex
1076 770 1177 842 nihilo
1201 770 1254 842 ob-

133 877 275 947 trudunt.

178 978 259 1049 Xlll.
285 980 333 1052 Ex
356 1000 421 1052 nou
443 1000 582 1060 cunnrrs
615 999 681 1051 non
705 999 826 1050 rorusr
849 992 937 1049 meru
960 992 1137 1064 euterun,
1180 996 1253 1063 aar,

135 1079 344 1152 luorvtsrmus
366 1104 511 1155 auurrun
534 1097 733 1154 ruorvrsrmtr
758 1102 822 1154 nort
845 1098 939 1152 raom
962 1101 1071 1152 nutus.
1090 1080 1183 1149 ldest:
1211 1078 1256 1147 ln·

135 1184 281 1254 divisibile
302 1187 437 1256 additum
470 1186 666 1276 indivisibili,
705 1185 772 1256 sine
794 1185 897 1276 aliquo
932 1184 1111 1270 intervallo,
1149 1179 1255 1269 nequit

128 1306 257 1357 causare
271 1292 498 1365 extensionem.
525 1288 647 1358 Etenim
670 1310 715 1375 ea,
743 1309 821 1379 quae
843 1289 1013 1358 secundum
1035 1307 1068 1356 se
1092 1293 1160 1351 tota
1194 1292 1255 1350 tan·

134 1399 240 1478 gunt,
265 1410 328 1459 non
352 1391 450 1480 magis
472 1393 689 1478 extenduntur,
714 1412 808 1480 quam
834 1411 933 1460 unum
954 1410 991 1458 ex
1014 1386 1097 1457 illis:
1123 1384 1254 1455 Constat

128 1501 242 1563 autern
264 1491 346 1581 quod
370 1491 432 1560 duo
467 1502 578 1583 puncta
603 1491 774 1562 immediate
801 1512 834 1562 se
857 1499 988 1581 tangunt
1014 1490 1257 1577 aduepuate,et

131 1593 305 1665 secundum
331 1615 362 1664 se
387 1605 460 1679 tota,
485 1616 653 1683 nam,cum
677 1595 737 1665 sint
761 1592 961 1681 indivisibilia,
985 1591 1051 1662 sreri
1076 1590 1201 1681 nequit,
1225 1598 1256 1656 ut

138 1695 306 1764 secundom
330 1696 444 1786 aliquid
469 1696 517 1765 sui
539 1717 572 1766 se
595 1706 746 1786 tangant,
769 1705 799 1765 et
832 1715 895 1765 non
918 1695 1086 1765 secundum
1109 1713 1146 1760 se
1172 1703 1254 1762 tota:

138 1796 223 1886 Ergo
236 1796 425 1869 ‚indivisibile
448 1798 572 1890 nullam¹
589 1797 661 1865 lacit
682 1797 902 1868 extensionem.
921 1795 1010 1882 Hinc,
1026 1795 1107 1864 sieut
1131 1793 1164 1861 in
1183 1791 1257 1862 aedi·

137 1898 208 1966 ficio
232 1897 256 1968 si
280 1919 362 1967 unrrs
385 1899 460 1988 lapis
482 1900 646 1986 adaequate
679 1907 816 1987 tangeret
837 1899 955 1984 alium,
979 1907 1010 1965 et
1033 1918 1105 1965 cum
1133 1895 1190 1967 illo
1211 1915 1256 1985 pe

128 2009 321 2087 moreretur,
346 1993 521 2068 nullatenus
543 1998 714 2068 aedilicium
740 2009 900 2085 cresceret,
924 1998 1124 2088 quantumvis
1150 1998 1257 2089 lapides

130 2102 332 2187 adderentur,
357 2103 408 2170 sed
431 2120 539 2170 omnes
561 2099 661 2170 eidem
685 2102 784 2192 spatio
810 2100 1039 2190 respondet·ent;
1065 2100 1106 2167 ita
1131 2099 1159 2170 si
1185 2120 1258 2189 puu-

135 2211 222 2272 ctum
247 2200 420 2270 immediate
441 2201 604 2271 adderetur
617 2212 749 2290 puncto,
774 2202 888 2269 nullam
904 2199 1026 2270 adderet
1038 2201 1258 2290 extensionem,

137 2303 210 2394 quia
233 2322 331 2371 unum
356 2323 418 2373 non
440 2305 655 2373 extenderetur
678 2306 754 2371 ultra
779 2301 885 2391 aliud,
909 2302 961 2370 sed
985 2302 1060 2372 illud
1084 2303 1259 2374 immediate

137 2404 338 2496 contingeret.
365 2405 411 2474 En
433 2427 497 2496 quo
519 2407 611 2475 etiarn
633 2405 840 2496 consequitur,
866 2408 948 2496 quod
972 2407 1061 2493 linea,
1086 2427 1118 2476 e.
1138 2428 1188 2496 g,
1212 2408 1259 2476 de

135 2519 412 2597 compunctorum
446 2527 508 2576 non
531 2517 578 2576 est
601 2504 698 2595 magis
720 2516 867 2595 extensa,
890 2528 984 2597 quam
1015 2505 1093 2575 linea
1117 2509 1259 2579 undecim

137 2619 333 2698 punctorum.
371 2610 448 2679 Nam
474 2609 551 2678 linea
573 2610 724 2697 posterior
739 2608 856 2678 excedit
871 2609 1002 2699 priorem
1020 2621 1144 2678 tanturn
1160 2611 1257 2700 quood

138 2712 266 2780 unicum
291 2712 489 2795 indivisibile;
523 2733 600 2802 ergo
622 2723 773 2801 repugnat
804 2713 887 2800 quod
919 2712 958 2780 sit
991 2712 1090 2801 magis
1112 2726 1257 2801 extensa,

138 2823 193 2880 aut
214 2813 372 2884 divisibilis
396 2814 512 2884 ratione
535 2815 637 2898 illius;
662 2813 813 2902 siquidem
837 2815 972 2905 implicat
986 2813 1099 2903 aliquid
1115 2836 1185 2885 esse
1200 2834 1260 2883 ma·

138 2916 185 3003 gis
207 2924 367 2985 extensum
392 2915 506 3004 perid,
530 2915 613 3006 quod
636 2913 721 2983 omni
743 2913 919 2984 extensione
942 2927 1035 2984 caret.
1060 2915 1165 2996 Quare
1182 2919 1259 2987 linea

137 3016 253 3087 ratione
277 3018 596 3108 punctilerminctiui
619 3017 708 3085 babet
731 3016 855 3106 quidem
881 3019 949 3108 plus
963 3019 1001 3086 de
1014 3018 1157 3109 emitote,
1175 3039 1259 3090 secus

138 3138 210 3197 vero
226 3110 269 3186 'de
294 3120 500 3210 longitudine,
524 3129 577 3187 aut
599 3119 788 3188 extensione.
817 3140 833 3183 a
859 3117 1036 3208 Dicendum,
1061 3121 1158 3190 aits.
1183 3120 1258 3192 Tho.-

138 3240 217 3308 rnas,
239 3220 322 3308 qarod
348 3232 498 3310 punctum
521 3219 670 3306 additum,
698 3221 743 3297 vel
766 3220 956 3290 subtractum
981 3222 1077 3290 lineae
1101 3243 1169 3293 non
1193 3223 1259 3293 lacit

134 3323 250 3411 maius,
275 3324 321 3391 vel
346 3323 457 3406 minus,
480 3332 512 3391 et
534 3322 672 3390 similiter
693 3323 732 3390 de
755 3321 1029 3414 instantiapposv'to
1045 3324 1211 3416 tempori²
1231 3349 1256 3392 n.

140 3425 180 3493 Et
202 3445 229 3496 s.
255 3424 517 3495 bonaventurae
544 3425 680 3494 Punctus
702 3427 739 3496 od
755 3423 866 3494 lineam
883 3424 960 3496 nibil
976 3426 1071 3517 addit,
1088 3427 1258 3499 momeliam

135 3528 226 3606 ,mille
248 3528 342 3597 millia
365 3539 551 3618 punctorum
575 3529 586 3568 ³
614 3554 644 3599 v.

133 3770 136 3779 ·
177 3744 280 3811 ¹)th
299 3761 323 3802 s
344 3748 426 3817 lion,
447 3745 546 3804 lulib
567 3745 694 3819 idam,
715 3742 786 3805 Dist.
800 3743 992 3819 v,auo.‚x
1009 3753 1082 3807 eta
1103 3745 1259 3821 'thoma

133 3847 169 3904 ¹q
189 3831 318 3907 xtv.‚a.
343 3829 458 3888 tado.
1299 3846 1302 3853 ⁴

176 3917 201 3955 ²
191 3916 384 3989 ,Quodlibet
407 3917 463 3987 Vll,
483 3934 512 3974 a
531 3915 651 3974 uada.
673 3915 706 3976 lta
725 3916 879 3994 attbtqu.
894 3918 1005 3991 dispp„
1015 3919 1060 3976 De
1079 3917 1154 3978 Ver.
1159 3919 1255 3993 ‚.‚qll

141 4017 169 4056 a.
192 3999 209 4055 3
228 4004 263 4056 ad
286 4002 318 4055 ll
330 4008 340 4070 t
354 4004 440 4060 docet
460 4020 516 4060 non
536 4019 618 4073 posse
637 4005 753 4075 quidem
775 4007 1048 4077 diminutiomem,
1069 4009 1152 4076 quod
1169 4009 1206 4065 cit
1222 4006 1257 4061 ad

136 4097 278 4158 parneium
297 4089 581 4161 irrationabilius&
599 4091 628 4148 si
644 4093 826 4151 deminuatur·
842 4108 862 4151 o
878 4093 958 4152 lineo
975 4103 1104 4163 punctus
1120 4093 1156 4153 in
1173 4102 1255 4177 octa,

140 4169 208 4226 nibil
228 4172 366 4242 deperire
384 4176 422 4232 dc
440 4177 535 4234 lineae
554 4177 729 4246 perennitate.

178 4252 201 4327 3)
221 4258 250 4314 ln
270 4260 498 4347 Heaaemnom
507 4261 600 4322 Serui
622 4255 669 4320 ltl.
693 4277 706 4320 v
727 4249 848 4337 Quippe
856 4262 880 4323 si
898 4262 1003 4335 puncto
1023 4272 1167 4334 puuctum
1184 4263 1302 4327 addi·
