2760 4770
611 283 770 350 -P-
1135 285 1196 357 tat

127 406 179 464 est
204 397 231 467 ¹.-
251 399 279 467 A
302 420 332 466 se
355 399 397 485 id,
421 402 505 489 quod
534 401 616 468 nulla
640 420 766 489 prorsus
789 397 903 488 indiget
924 416 1037 487 causa,
1062 408 1097 467 ut
1119 399 1249 480 existat3

128 507 162 565 el
195 499 254 568 lroc
284 502 321 569 ad
344 504 444 571 solurn
469 501 566 570 Deum
596 503 735 590 pertinet.
762 502 841 572 Hinc
873 501 940 571 illae
974 522 1078 575 voces.
1094 502 1249 589 oriuntur,

129 601 442 674 Pusaeus-nanas.
461 604 610 673 Perseitur
631 614 720 692 negat
738 613 856 672 tanturn
873 604 1101 692 dependentiam
1119 624 1135 670 a
1150 601 1252 671 subie-

127 711 194 788 cto,
217 704 267 771 cui
291 705 404 794 aliquid
428 707 582 776 inhaerere
611 707 740 791 debeat,
765 717 800 773 ut
823 704 951 775 existere
974 706 1097 796 possit;
1132 705 1252 775 Aseitas

122 814 225 889 negat
247 807 335 874 etiarn
359 808 586 896 dependentium
610 828 626 876 a
649 807 756 894 quavis
779 828 868 877 causa
893 807 1087 896 producente.⁴

177 906 257 972 Xlll.
285 907 348 978 Pan
373 908 522 978 sn-Pan
546 928 717 980 accruaus.
750 908 782 976 l⁰
808 909 870 977 Per
898 929 930 976 se
964 907 1053 976 alicui
1087 904 1249 976 convenire

130 1008 246 1075 dicitur
269 1009 310 1095 id,
334 1011 416 1097 quod
439 1031 475 1078 ex
500 1009 625 1078 internis
641 1010 706 1079 eius
722 1008 876 1099 principiis
895 1030 904 1089 ;
927 1031 985 1099 per
999 1009 1148 1095 urridens,
1166 1006 1249 1096 quod

130 1108 220 1196 quasi
245 1109 372 1179 fortuito
396 1112 438 1179 illi
461 1112 628 1197 convenit3
659 1135 687 1183 e.
713 1134 761 1202 ρ,
776 1134 833 1202 ρνν
855 1113 1040 1180 reconvenit
1056 1109 1172 1178 lrourini
1188 1128 1252 1176 esse

132 1209 266 1293 animal3
290 1233 347 1300 per
368 1213 506 1282 ucideus
527 1233 592 1283 esse
613 1213 729 1281 album:
760 1235 773 1276 ι
800 1211 1024 1299 Quaecumque,
1053 1211 1143 1280 aits.
1170 1209 1252 1277 Tho·

118 1331 209 1398 unas,
234 1333 287 1401 per
309 1334 341 1382 se
362 1314 471 1387 insunt,
489 1314 602 1400 alicui,
632 1315 677 1382 rel
703 1321 776 1381 sunt
798 1313 836 1380 dc
859 1313 988 1380 essentia
1009 1312 1085 1400 eius,
1111 1313 1156 1379 rel
1177 1330 1252 1379 con·

120 1427 305 1502 -scrpruntur
327 1417 494 1485 essentialia
518 1416 725 1508 principia...
748 1412 876 1501 ‚Ornne,
893 1415 976 1502 quod
999 1412 1076 1482 inest
1098 1411 1185 1482 alicui
1201 1431 1253 1500 per

130 1517 282 1606 accidens,
300 1540 371 1587 curn
395 1521 433 1587 sit
455 1531 633 1589 extraneum
656 1541 672 1587 a
695 1528 802 1587 natura
824 1518 900 1604 eius,
914 1527 1035 1606 oportet
1049 1516 1131 1604 quod
1145 1536 1254 1586 mure·

128 1618 196 1687 niat
218 1619 244 1685 ei
268 1621 427 1708 exaliqua
455 1621 595 1689 exteriori
619 1640 708 1688 causa
738 1618 749 1655 ²
770 1644 797 1686 s.
824 1617 996 1687 Adnotante
1019 1629 1122 1686 autern
1144 1618 1253 1686 eodern

131 1731 237 1788 sancto
261 1721 400 1806 doctore,
413 1742 470 1808 per
485 1741 515 1786 se
538 1714 651 1808 aliquid
674 1718 852 1787 attrilruitur
867 1718 955 1786 rrlicui
973 1740 1034 1786 non
1051 1721 1151 1786 solurn
1171 1719 1254 1806 posi-

131 1822 208 1902 tive,
226 1824 300 1889 siuet
323 1822 390 1909 ipni
405 1821 584 1888 attribuitur
599 1822 677 1907 ferri
691 1839 826 1902 sursum,
844 1820 894 1885 sed
917 1820 1009 1886 etiam
1023 1821 1140 1887 ratione
1155 1836 1255 1885 renuo·

130 1922 237 2008 tionis,
256 1944 269 1986 t
287 1943 337 2010 per
361 1925 418 1991 lroc
440 1921 552 1989 scilicet
575 1923 658 2010 quod
681 1931 875 1989 remorentur
890 1921 927 1988 ab
950 1943 987 1991 eo
1011 1921 1073 2007 ina,
1090 1938 1167 2006 (pirae
1182 1927 1254 1986 nata

132 2034 210 2090 sunt
232 2023 416 2092 contrariam
438 2023 667 2110 dispositionem
690 2022 834 2091 iuducere
863 2048 878 2090 n
900 2047 909 2105 ;
933 2044 962 2090 e.
989 2043 1046 2112 ga,
1082 2023 1141 2089 hoc
1164 2019 1266 2087 ruodo-

131 2123 264 2193 dicimus
288 2128 455 2193 universale
477 2145 542 2194 csse
563 2147 620 2215 per
647 2148 678 2194 se
702 2125 956 2214 incorruptibile:
986 2148 999 2188 ι
1027 2145 1090 2192 non
1114 2121 1195 2191 eninr
1210 2121 1257 2190 di-

134 2230 218 2293 citur
242 2227 409 2296 universale
434 2226 684 2316 incorruptibile,
719 2229 807 2316 quasi
837 2228 943 2296 habeat
971 2227 1102 2314 aliquam
1127 2223 1257 2291 sormam

119 2328 383 2416 incorruptionis,
397 2329 448 2396 sed
472 2327 543 2416 quia
566 2350 629 2396 non
651 2329 837 2396 conveniunt
860 2327 886 2396 ei
910 2327 1078 2396 secundum
1101 2345 1134 2394 sc
1156 2324 1257 2412 dispo·
1364 2398 1367 2403 ,

131 2428 262 2498 sitiones
286 2428 477 2516 rarulerialeS,
503 2451 580 2517 quae
609 2440 682 2497 scrut
710 2451 817 2497 causae
849 2429 1053 2515 corruptionis
1089 2428 1119 2494 in
1148 2424 1257 2493 indiui-

129 2529 204 2598 duis
229 2530 238 2568 ³
266 2554 296 2597 n.
322 2530 440 2600 Rursus
468 2553 481 2595 ι
507 2530 585 2598 nihil
610 2529 748 2620 prohibet
776 2530 889 2618 aliquid
912 2529 1023 2598 inesse·
1043 2549 1095 2616 per
1119 2527 1256 2596 accidens

132 2628 226 2697 alicui
250 2633 416 2699 seeunrlurn
441 2655 473 2702 se
500 2643 627 2717 sumto,
659 2634 741 2720 (pund
769 2631 866 2700 eidem
897 2631 975 2699 inest
1002 2650 1053 2720 per
1075 2651 1129 2716 se,
1153 2626 1257 2697 addito

131 2731 222 2813 alio3
247 2735 326 2802 sicut
350 2735 466 2802 horniui
497 2756 549 2823 per
570 2733 707 2802 accidens
731 2736 810 2803 inest
834 2733 958 2822 moveri,
983 2754 1036 2824 per
1058 2753 1090 2800 se
1112 2729 1256 2806 uerolro-

132 2833 211 2903 rniri
235 2834 266 2903 in
295 2849 444 2925 quantuni
476 2847 522 2904 est
547 2857 673 2906 currens
694 2838 709 2875 ⁴
736 2861 766 2904 r.
792 2836 824 2906 2⁰
850 2838 911 2906 Per
944 2856 976 2904 se
1004 2832 1093 2902 alicui
1115 2828 1258 2901 convenit

133 2934 223 3023 illud,
247 2938 329 3025 quod
351 2939 389 3005 ad
413 2938 513 3026 ipsur'n
537 2939 678 3028 pertinet,
709 2938 841 3027 qualibet
869 2938 945 3005 laeta
967 2935 1139 3025 positione;
1162 2953 1190 3001 c.
1208 2953 1255 3020 g„

136 3059 205 3107 csse
229 3040 341 3129 ubique
362 3062 418 3129 per
446 3063 477 3109 se
499 3043 640 3110 convenit
663 3041 736 3124 Deo;
760 3040 830 3129 quia
850 3058 1091 3129 «quaecumque
1115 3036 1181 3102 loca
1204 3054 1260 3122 po·

126 3152 274 3228 uantur,
299 3141 415 3210 etiamsi
439 3153 626 3229 ponerentur
652 3141 785 3231 infinita,
811 3149 927 3232 practer
949 3138 1032 3226 ista,
1056 3157 1133 3227 quac
1162 3141 1257 3218 sunt,

136 3253 292 3328 oporteret
313 3241 343 3309 in
367 3243 512 3311 omuibus
540 3262 604 3310 esse
628 3242 747 3328 Deum,
782 3241 854 3332 quia
877 3239 955 3311 nihil
978 3250 1175 3329 potestesse,
1199 3233 1259 3301 nisi

140 3366 193 3431 pcr
216 3345 316 3435 ipsum
344 3370 373 3413 n.
402 3348 463 3414 Per
485 3346 622 3413 urridens
644 3355 745 3413 autern
768 3344 909 3414 conuenit
940 3341 1031 3410 alicui
1054 3339 1153 3425 illud,
1177 3336 1260 3426 (leod

136 3448 176 3515 de
200 3445 264 3535 ipso
286 3447 397 3514 dicitur
419 3454 542 3536 propter
570 3447 705 3533 clipunum
737 3445 973 3534 suppositionem
994 3445 1126 3530 feretum,
1157 3459 1184 3504 e.
1210 3459 1257 3525 ρ,

144 3569 159 3609 ιι
179 3568 310 3635 granum
335 3546 408 3616 milii
431 3557 509 3615 esset
526 3547 649 3634 ubique,
667 3547 835 3634 supposito,
851 3545 933 3632 quod
950 3544 1070 3612 nullurn
1086 3538 1169 3607 aliud
1192 3557 1260 3605 cor-

140 3668 198 3735 pus
221 3658 298 3716 esset
321 3650 333 3687 ⁵
362 3673 390 3715 n.
418 3647 450 3716 3⁰
478 3649 537 3716 Per
559 3669 589 3714 se
618 3646 697 3715 idcnr
721 3655 767 3713 est
789 3666 824 3713 ac
848 3655 968 3734 propter
991 3664 1046 3729 sc,
1072 3642 1116 3709 rel
1139 3641 1259 3708 directe.
1297 3705 1301 3711 ,

144 3753 207 3819 l'er
229 3751 366 3819 occiduis
388 3751 467 3818 idcnr
491 3761 563 3835 cst,
601 3773 634 3818 ac
655 3755 782 3837 propter
804 3746 890 3815 uliud
917 3752 943 3814 ct
966 3745 1136 3813 iudr'reetc:
1162 3763 1190 3810 c.
1215 3760 1261 3828 pn,

179 4007 201 4076 Ι)
220 4006 281 4062 Vid.
302 4024 328 4078 p.
351 4006 456 4078 ill-²)
478 4012 529 4083 Qq.
550 4010 662 4080 dissip„
686 4008 728 4065 Dc
749 4008 823 4075 Pon,
843 4020 873 4076 q.
892 4002 930 4077 X,
951 4017 979 4061 a.
999 4001 1017 4058 d
1034 4015 1063 4060 c.

179 4092 201 4159 ³)
225 4094 276 4164 qu
297 4093 408 4166 dissip„
429 4094 471 4152 Dc
491 4099 574 4166 Ver„
595 4115 622 4166 q.
644 4095 664 4164 l,
684 4092 742 4151 ali
762 4094 797 4150 ud
818 4091 862 4149 15.

182 4179 209 4245 ν)
229 4179 317 4251 reru,
336 4199 364 4251 q.
386 4182 447 4253 nu,
469 4198 495 4237 a.
517 4182 536 4235 ιι
558 4182 592 4237 au
615 4179 640 4238 ι.

178 4274 203 4341 ⁵)
225 4270 245 4341 l,
266 4287 292 4341 q.
315 4268 383 4341 vttt,
403 4286 429 4323 u.
450 4265 468 4323 d
486 4282 513 4323 c.
