2760 4770
127 388 168 460 de
192 389 321 481 implexa
352 413 441 483 penes
464 391 663 465 scholasticus
689 404 836 464 versatur.
878 392 996 463 llorum
1028 393 1161 462 diuersas
1183 410 1251 461 seu·

126 492 270 581 teutias,!
292 492 469 584 diversaque
495 508 675 587 argumenta
709 495 883 567 emittimus
906 496 917 538 ¹
942 548 952 584 ,
977 517 1017 566 ne
1039 495 1078 563 ab
1101 495 1193 563 huius
1214 513 1249 561 c·

128 595 225 682 pellae
247 594 405 686 preposito
431 598 589 667 deflectere
616 597 785 672 uideamur.
811 596 889 666 tttud
916 606 1036 666 tanturn
1061 597 1248 681 innuimus,

125 694 301 766 'l'lremistas
322 708 429 768 ornnes
456 699 488 768 in
509 701 591 768 hauc
617 719 800 769 concurrere
829 697 1031 788 sententiam,
1062 695 1246 769 substantia-

119 820 202 884 rum
224 799 371 869 unitatem
393 809 424 871 et
443 799 724 891 multiplicationem
751 799 944 870 numericam
967 800 1162 890 repetendam
1186 817 1251 868 uon

124 922 193 971 esse
215 925 252 972 ex
275 902 401 983 ferma3
425 900 574 989 siquidem
606 923 621 965 r
646 900 842 990 dillerentia,
865 922 983 990 quaea
1016 900 1113 970 lerma
1144 917 1249 991 prece-

124 1007 202 1094 dit,
225 1004 342 1074 inducit
363 1005 564 1074 diversitatem
593 1004 699 1091 speciei
724 1005 738 1042 ²
770 1030 805 1086 a,
840 1005 893 1074 sed
927 1025 944 1071 a
976 1003 1100 1072 materia
1118 1012 1249 1091 ,atque

125 1129 238 1179 rursus
259 1127 322 1176 uon
344 1128 382 1176 ex
405 1107 530 1175 materia
553 1105 710 1176 cummuni
737 1117 768 1176 et
791 1105 1042 1192 indeterminata,
1065 1107 1117 1174 sed
1141 1123 1158 1172 a
1183 1125 1249 1173 ma·

126 1209 204 1279 teria
224 1209 347 1298 sipnelc
367 1206 534 1298 quantitate
558 1206 582 1292 ³,
606 1207 665 1276 lroc
686 1218 732 1276 est
756 1228 826 1275 curu
843 1205 951 1276 ordine
965 1207 1003 1275 ad
1019 1216 1117 1276 certas
1131 1203 1249 1274 dimen-

123 1312 239 1400 siones,
263 1314 310 1382 rel
331 1312 443 1382 clarius
464 1332 503 1381 eu
525 1312 649 1380 materia
683 1313 788 1380 allecta
810 1323 842 1379 et
861 1312 957 1380 diuisa
982 1332 1035 1401 per
1047 1311 1249 1402 quantitatem

125 1415 162 1483 in
183 1415 318 1486 diversas
340 1425 440 1506 partes
463 1413 605 1484 lrrbemes
632 1414 785 1485 diversum
807 1414 913 1486 situm.
939 1414 1042 1504 ltaque
1074 1414 1173 1485 tonna
1194 1412 1248 1483 de·

124 1516 271 1586 terminat
292 1517 450 1587 materiam
473 1537 695 1608 communem,
717 1526 753 1587 ut
775 1515 812 1584 sit
836 1517 921 1607 haec,
944 1519 991 1588 uel
1019 1518 1069 1586 illa
1091 1516 1205 1607 speeies
1219 1514 1248 1597 ⁴3

123 1638 190 1708 (pue
211 1639 303 1691 sensu
332 1618 464 1689 dicitur:
490 1620 607 1690 Ferme
628 1620 681 1689 dat
702 1619 832 1693 emerui
854 1621 897 1704 ⁵3
926 1618 1051 1689 materia
1072 1632 1177 1688 autern
1199 1622 1248 1685 tc·-

120 1723 173 1810 lia,
198 1744 252 1794 seu
273 1744 345 1792 cum
369 1725 476 1793 ordine
504 1723 542 1791 ad
565 1732 662 1793 cerus
683 1721 900 1809 dimensiones,
916 1721 1019 1808 allicit,
1037 1722 1072 1788 ut
1088 1719 1185 1789 torma
1200 1717 1249 1787 in·

124 1826 248 1895 dividua
271 1826 319 1914 sit,
344 1836 374 1894 et
396 1825 702 1895 incommunicabilis,
727 1826 845 1895 Exinde
868 1827 942 1895 liaeo
963 1825 1026 1894 due
1051 1823 1195 1893 inierunt:
1215 1821 1248 1892 l'

126 1926 320 1997 Sulrstantiae
342 1927 523 2018 spirituales,
544 1951 623 2018 quare
644 1929 681 1997 ad
703 1929 951 1998 coniunctionem
974 1926 1022 1995 sui
1046 1947 1118 1996 curn
1141 1945 1250 2014 curpe-

124 2027 212 2098 ribus
234 2031 414 2100 naturaliter
434 2031 638 2119 destinantur,
662 2053 771 2122 nempe
793 2031 913 2101 animae
942 2032 1116 2118 humanae,
1140 2027 1249 2098 indiui-

125 2131 205 2201 duae
227 2143 302 2201 sunt
323 2152 376 2220 per
398 2132 536 2202 ordinem
566 2133 603 2201 ad
627 2154 778 2221 corpora,
808 2134 844 2201 ad
868 2153 946 2222 quae
969 2132 1183 2213 destinantur;
1217 2141 1249 2201 et
1354 2160 1357 2167 ·

124 2233 198 2321 (pria
222 2232 352 2303 etiamn
375 2235 556 2323 corporibus
579 2246 731 2324 separatae
758 2236 895 2304 ordinem
930 2235 1036 2304 dicunt
1068 2236 1107 2304 ad
1141 2233 1247 2305 eadem
1346 2274 1350 2281 ·

123 2353 266 2422 corpora,
289 2334 381 2404 etiarn
404 2349 577 2425 separatae,
601 2351 760 2407 remanent
782 2338 964 2406 individuae.
997 2337 1030 2407 2⁰
1053 2336 1248 2407 Substantiae

125 2455 210 2506 mere
233 2436 415 2526 spirituales,
442 2448 513 2527 puta
537 2439 659 2527 Angeli,
683 2459 754 2508 cum
783 2458 883 2526 neque
905 2437 937 2505 in
959 2438 1065 2527 seipsis
1088 2439 1247 2507 materiam

125 2536 267 2626 habeant,
293 2542 450 2628 nequead
475 2541 721 2609 coniunctionem
744 2541 792 2607 sui
817 2562 887 2609 crana
904 2539 1029 2608 materia
1044 2539 1245 2625 destinentur,

123 2652 198 2707 suut
220 2641 326 2730 seipsis
344 2643 532 2728 individuae,
556 2654 587 2711 et
608 2644 747 2733 singulae
772 2642 915 2712 dillerunt
930 2641 1039 2730 specie.
1057 2641 1248 2730 Quapropter

126 2740 160 2809 in
182 2744 316 2830 qualibet
339 2743 437 2832 specie
466 2743 653 2833 Angelorum
689 2764 771 2814 unus
797 2753 925 2812 ¹tanturn
958 2763 1089 2812 numeru
1112 2742 1248 2832 Angelus

124 2855 173 2912 est
197 2844 373 2931 possibilis;
399 2845 466 2914 fieri
489 2845 571 2914 enim
595 2866 658 2914 non
681 2856 792 2935 petest,
808 2855 842 2912 ut
861 2844 923 2913 sint
937 2845 1015 2914 duae
1029 2843 1166 2915 eiusdem
1182 2866 1248 2935 spe-

124 2944 181 3013 ciei
206 2946 323 3016 termae
344 2946 410 3016 sine
433 2946 569 3035 materia,
598 2968 628 3017 e.
651 2969 699 3037 g.,
724 2948 802 3016 duae
829 2946 1012 3016 altitudines
1034 2949 1059 3014 ⁶.
1085 2947 1161 3017 Cum
1193 2967 1248 3015 au·

123 3057 187 3115 torn
213 3046 293 3116 Deus
316 3070 437 3117 summe
464 3047 594 3140 simplex
617 3049 669 3137 sit,
692 3061 724 3118 et
746 3063 830 3119 actus
855 3048 1056 3140 purissimus,
1080 3061 1126 3118 est
1148 3049 1248 3137 seipse

124 3147 262 3217 maxime
283 3170 365 3221 unus
389 3154 426 3233 7;
450 3150 513 3220 sire
537 3175 551 3216 u
579 3150 684 3220 Divina
700 3152 823 3223 Bonitas
842 3164 873 3221 et
888 3152 964 3221 Esse
986 3151 1193 3220 indiuiduatur
1207 3158 1246 3221 'ex

123 3249 260 3418 ipsalsui
286 3251 428 3392 ppritate,
454 3275 506 3343 per
528 3253 586 3321 hec
609 3253 735 3340 scilicet,
771 3255 854 3343 quod
882 3252 947 3346 ipsa
970 3273 1036 3324 nou
1057 3265 1103 3323 est
1126 3266 1244 3344 receptu

121 3368 155 3419 m
180 3373 230 3419 an
244 3374 282 3419 ue
328 3360 353 3423 ’.

167 3376 240 3520 llll.¹
258 3454 541 3534 unna-auena.
559 3479 575 3521 a
594 3456 712 3525 Dicitur
727 3457 845 3545 aliquid
858 3457 945 3548 quasi
961 3457 1042 3527 aliud
1059 3457 1143 3548 quid,
1162 3459 1245 3529 unde

160 3670 186 3741 ¹)
206 3670 267 3727 Vid.
288 3673 324 3728 dc
342 3674 385 3730 lais
402 3675 604 3747 Sensererino,
623 3677 776 3735 Elementa
796 3678 870 3736 Part
892 3664 1017 3754 cenat,
1037 3690 1057 3739 t.
1076 3679 1110 3754 ll,
1129 3681 1243 3754 earm,
1341 3680 1345 3687 '

119 3772 149 3811 e.
173 3756 218 3826 tlt,
236 3769 291 3815 art.
311 3757 341 3824 2,
362 3776 388 3828 p.
410 3759 461 3814 ll2
480 3779 552 3833 sqq,
573 3765 691 3832 Neapoli
712 3762 792 3821 tata.

157 3844 182 3907 ²)
202 3841 300 3899 Contr.
322 3843 418 3915 Garat,
438 3847 487 3902 lib.
507 3845 541 3919 ll,
560 3862 587 3904 u.
606 3845 654 3906 93.

157 3922 182 3996 ³)
202 3926 262 3980 Vld.
284 3945 311 3998 p.
334 3926 395 3984 tat.

156 4008 183 4076 ³)
204 4010 265 4066 Vld,
285 4030 312 4083 p.
334 4011 525 4090 taurea-⁵)
543 4017 608 4076 vid.
627 4034 654 4091 p.
676 4015 740 4077 138.

158 4097 184 4161 ⁶)
203 4096 225 4166 l,
245 4115 272 4167 q.
294 4100 326 4170 h,
345 4115 372 4157 e.
392 4097 420 4154 4.

157 4184 182 4247 7)
203 4183 225 4252 Ι,
244 4202 272 4254 q.
294 4184 343 4255 Xd,
362 4203 390 4265 ap
409 4184 438 4242 dr.

154 4265 292 4338 ’11111111ι
312 4269 354 4330 lle
375 4273 490 4347 ceusu,
510 4272 578 4333 lect.
598 4271 646 4331 tx.
