2760 4770
119 398 170 459 'est
193 386 276 478 prior
297 382 417 457 ellectu.
438 383 522 455 Orate
535 387 726 473 meletianis,
743 385 807 457 sire
820 383 935 475 lupina
951 386 1086 475 respicit
1111 390 1244 471 modun,

124 513 188 579 quo
210 501 314 559 nostra
335 511 423 559 mens
445 490 477 557 in
501 510 605 559 rerum
626 488 800 578 cognitione
834 489 1049 577 progreditur.
1077 488 1245 557 Secundum

122 594 206 661 hunc
226 592 364 662 ordinem
387 592 489 679 priora
513 593 657 660 dicuntur
679 612 713 659 eu
735 612 814 679 quae
832 602 954 659 nostrae
976 592 1158 680 cognitioni
1179 604 1244 662 suut

123 696 222 784 magis
243 694 492 775 accommodum
520 713 550 761 e.
575 715 622 781 g,
647 692 678 760 in
701 691 788 761 initio
816 692 1003 781 cognitionis
1029 714 1125 765 mens
1148 706 1243 765 nostra

123 795 209 884 prius
231 795 354 885 attingit
373 796 528 881 effectum,
551 817 644 883 quam
666 815 789 863 eausam
807 795 831 864 ¹.

169 897 234 969 XV.
259 896 350 968 Onon
373 898 692 969 auruncus-Once
715 918 867 968 uocaus.
898 900 1177 978 Quemadmodum
1196 921 1241 971 no-

125 1007 198 1067 tare
218 999 394 1090 significare
417 1010 516 1087 potest
538 1000 586 1067 rel
608 998 768 1068 ocentiam
791 998 847 1085 rei,
872 1001 917 1067 rel
941 1011 1043 1073 totam
1070 1001 1240 1072 uniuersali·

125 1113 217 1170 tatem
242 1122 345 1171 rerum
362 1101 389 1188 ²,
414 1102 454 1169 ita
477 1102 551 1169 onio
573 1101 728 1170 catenulis
760 1100 883 1190 exurgit
905 1105 951 1171 rol
974 1124 1015 1171 ex
1040 1104 1165 1173 ratione
1186 1124 1240 1191 per·

126 1203 304 1292 sectionum,
328 1222 407 1291 quae
429 1202 467 1270 ad
490 1202 533 1269 rei
548 1201 710 1271 essentiam
726 1212 874 1290 spectatur
898 1204 945 1271 vel
967 1225 1008 1272 ex
1034 1204 1159 1274 ratione
1178 1224 1239 1273 con·

126 1304 264 1375 nexienis
285 1323 470 1389 musarum,
493 1303 721 1390 effectuumque
743 1303 928 1373 naturalium
953 1303 1038 1373 iuter
1063 1327 1108 1375 se.
1135 1306 1167 1374 Si
1190 1306 1239 1392 pri-

126 1431 180 1480 mo
201 1409 296 1478 modo
317 1407 492 1497 accipiatur,
517 1405 623 1493 nequit
644 1427 662 1473 a
686 1406 749 1475 Deo
771 1407 885 1476 directe
907 1408 1033 1490 inrerti;
1061 1408 1236 1498 impocrilile

125 1510 208 1579 enim
230 1519 286 1597 est,
309 1530 339 1578 e.
363 1530 411 1597 g„
434 1506 592 1577 hominem
616 1530 677 1576 aon
699 1529 765 1579 esse
785 1510 885 1578 bellua
909 1512 1181 1598 praestantiorem.
1197 1512 1238 1579 Sir

125 1616 221 1683 altero
242 1632 345 1699 sensu,
368 1610 480 1680 dicitur
502 1612 623 1700 proprie
644 1612 797 1701 physicus,
821 1621 852 1678 ct
874 1621 1013 1699 potesta
1037 1613 1105 1683 Ileo
1130 1614 1237 1693 mutari

123 1737 154 1785 e.
178 1736 226 1804 g,
250 1714 338 1803 ordo,
360 1735 423 1804 quo
440 1714 501 1782 reri
516 1714 650 1784 succedit
664 1726 774 1801 aestas,
791 1715 894 1783 aestati
909 1726 1087 1783 autumnus
1110 1727 1171 1786 etc.
1190 1716 1237 1786 Or·

124 1817 164 1887 do
185 1816 312 1885 mnatre
333 1826 437 1884 eutem
458 1815 496 1883 ed
519 1815 708 1902 operationes
729 1814 891 1883 hominurn
913 1826 1056 1904 spectat,
1082 1830 1177 1906 prout
1195 1820 1237 1887 luc

124 1940 197 1987 eum
218 1918 333 2006 regulis
356 1926 454 1985 rectae
481 1915 609 1983 rationis
642 1916 843 2005 conspirant,
879 1927 909 1984 et
931 1929 1160 1990 censenmncao
1180 1934 1236 1989 sunt

126 2020 205 2106 siai,
229 2022 267 2087 ud
289 2039 382 2106 quem
405 2018 486 2086 Deus
509 2018 649 2087 homiues
682 2018 853 2088 destinarit.
891 2019 976 2088 Patet
999 2021 1090 2091 hunc
1113 2023 1235 2093 ordinem

126 2119 350 2187 immutabilem
373 2138 449 2205 esse,
474 2120 546 2206 quia
569 2141 585 2186 a
610 2118 718 2187 Divina
745 2119 895 2206 Sapientia
918 2121 1068 2209 dictatur,
1092 2137 1127 2192 et
1149 2125 1181 2193 ia
1198 2144 1234 2193 es·

127 2225 224 2294 sentia
246 2222 341 2313 ipsius
361 2233 517 2293 creaturae
539 2222 696 2292 rationalis
720 2223 954 2291 tundamentum
976 2225 1087 2295 habet.

170 2325 250 2393 lllll.
274 2324 365 2396 Onoo
388 2323 757 2394 recreemus-unco
774 2345 1028 2394 eeuuaarronrs.
1055 2328 1143 2397 Ordo
1154 2328 1233 2417 pertr-

127 2429 233 2497 ett'onr’r
255 2437 301 2496 est
324 2428 385 2514 itte,
409 2448 473 2516 quo
498 2448 544 2496 res
567 2428 668 2515 quoad
684 2425 732 2496 sui
756 2425 976 2513 excellentiam,
995 2449 1054 2495 seu
1069 2431 1231 2520 dignitate·

126 2530 338 2618 inspiciuntur.
361 2529 446 2598 Ordo
467 2530 682 2618 grandioris,
708 2530 754 2596 vel
777 2531 922 2616 temporis
944 2539 990 2596 cst
1017 2529 1091 2611 ille,
1118 2553 1179 2620 quo
1197 2550 1232 2598 rer

127 2630 357 2699 considerantur
379 2631 548 2699 secundum
571 2639 702 2715 tempus,
727 2650 789 2716 quo
804 2630 953 2698 existunt.
971 2629 1155 2700 Secundino
1170 2633 1233 2701 huot

129 2730 282 2821 duplicem
305 2729 444 2801 ordinem
468 2739 567 2819 potest
590 2729 702 2817 aliquid
725 2730 836 2818 duplici
852 2730 1021 2798 modotlici
1038 2734 1233 2820 primulum,

8 2920 11 2925 Ι
130 2834 176 2900 rel
198 2852 307 2921 nempe
330 2832 434 2900 ordine
454 2832 661 2921 perfeetionis,
687 2835 732 2900 rel
755 2832 862 2900 ordine
885 2834 1119 2920 generationis:
1144 2858 1172 2904 c.
1193 2855 1232 2922 gn

128 2932 198 3001 linis
220 2943 267 3002 est
288 2933 371 3020 prior
394 2932 499 3001 mediis
520 2935 628 3002 ordine
655 2937 869 3024 perfectiores,
895 2934 1051 3021 posterior
1073 2936 1180 3004 ordine
1199 2955 1233 3023 pe

126 3026 292 3104 macno
307 3035 332 3104 ³.
356 3034 480 3121 Contra,
506 3036 630 3104 materia
652 3046 699 3104 est
722 3036 805 3123 prior
826 3035 922 3102 soum
946 3035 1058 3105 ordine
1085 3040 1234 3127 generetie

127 3139 205 3220 nist
230 3136 328 3205 sermo
351 3148 455 3205 autem
476 3146 523 3205 cst
547 3138 630 3226 prior
653 3136 759 3206 ordine
782 3134 1009 3225 paterinis&
1038 3139 1144 3227 Atque
1164 3158 1234 3226 geor

128 3235 230 3323 ratim,
255 3234 465 3326 imperfectum
488 3249 533 3307 est
558 3237 643 3326 prius
668 3238 799 3328 perlecto
814 3238 919 3306 ordine
939 3244 1152 3327 concretionis
1166 3243 1234 3328 ⁵‚ae

128 3356 195 3423 cus,
219 3335 245 3405 si
268 3336 346 3405 ordo
367 3339 559 3427 perfectionis
575 3351 729 3430 spectetur
747 3342 772 3409 ⁶.
791 3339 976 3408 lloncndurn
1001 3341 1055 3410 hic
1078 3356 1128 3413 est
1150 3341 1235 3413 inlli-

130 3438 211 3508 vinis
231 3457 296 3507 uon
318 3457 384 3508 csse
405 3436 543 3508 ordinem
567 3439 626 3507 nisi
648 3441 816 3511 secundnm
839 3441 990 3529 originem
1016 3443 1044 3512 ⁷.
1069 3442 1237 3523 Quidicitu

38 3560 41 3565 ·
134 3542 209 3612 ordo
231 3547 370 3628 nutnrm,
397 3563 413 3607 u
437 3561 502 3609 uon
524 3542 608 3629 quod
630 3542 695 3631 ipsa
718 3554 827 3612 natura
843 3543 1017 3631 ordinetur,
1035 3547 1091 3615 scd
1108 3546 1188 3636 quod
1200 3564 1236 3615 cu

133 3644 174 3715 do
194 3642 228 3713 iu
249 3641 365 3714 Divinis
387 3641 529 3713 Personis
552 3644 718 3714 attenditur
750 3647 919 3716 secundum
955 3650 1136 3719 naturalem
1167 3644 1238 3735 oriri·

168 3911 195 3981 ί)
212 3908 278 3971 vid.
298 3926 325 3984 p.
345 3908 513 3970 ditm.-
524 3912 551 3985 ²)
567 3912 632 3971 vid.
652 3909 813 3984 pttztffltl.

171 3995 197 4068 ⁸)
215 3995 278 4053 vid.
297 4012 326 4068 p.
346 3996 539 4071 licito-⁴)
556 3997 619 4056 viu.
638 4014 668 4070 p.
687 3997 750 4057 tuo.

171 4081 196 4155 ⁵)
215 4080 277 4138 vid.
297 4080 417 4141 neura
435 4083 538 4157 ncipit
555 4084 593 4142 ct
609 4084 885 4157 imperfectior-rone,
904 4100 932 4155 p.
951 4082 1020 4142 tto.

170 4166 196 4234 θ)
213 4164 278 4306 {lig
298 4181 326 4236 p.
342 4163 410 4309 ἐξ),
431 4181 473 4243 ct,
493 4169 660 4243 Perfectum
676 4182 720 4232 ert
736 4171 822 4242 print
840 4169 1029 4244 irrepet-tecto.
1048 4171 1105 4233 litt.
1126 4174 1159 4233 Ρ.

171 4251 196 4322 'l’
267 4264 322 4322 ,9,
383 4290 391 4311 ·
880 4294 884 4299 .
