2760 4770
175 260 240 331 bid
606 289 650 309 ι-
672 248 697 319 G
720 283 769 307 ι-

170 373 206 445 u.
231 365 853 442 Gaventon—Sraevrrea-Nuuauree...
875 365 1024 434 Dicuntur
1048 364 1249 456 'potissimum

124 480 163 547 de
187 498 289 546 rerum
312 473 487 545 differentia.
516 473 705 543 dannan
720 471 878 560 differunt,
894 491 972 560 alnae
995 470 1027 539 iu
1053 471 1145 539 nitito
1168 490 1251 559 uvac-

124 582 223 650 dieato
244 581 372 650 univoco
393 575 591 656 conveniunt;
619 583 657 640 nt
676 571 844 641 substantia
866 582 896 640 et
919 571 1085 659 quantitas.
1113 573 1195 642 Hine
1216 592 1248 640 o-

126 686 246 753 riuntur
269 701 390 751 summa
409 699 525 769 annno
546 697 661 758 rerum,
684 694 763 766 quae
777 675 882 745 decem
904 674 1116 764 assignantur,
1142 687 1175 744 at
1199 696 1249 742 vo·

125 797 235 855 eantur
258 785 508 855 Pruaiionmentn
524 780 548 852 ¹.
582 780 743 875 Spondeo,
778 799 813 848 ea
846 799 924 866 quae
950 777 982 847 in
1005 778 1114 867 alivum
1139 795 1248 863 genere

126 892 254 960 rrniuoeo
274 885 472 970 conveniunt,
501 886 554 954 sed
577 885 636 954 sub
657 882 783 951 diversis
797 881 954 970 speciebus
975 880 1191 962 eontinentur,
1215 889 1248 946 ut

127 994 230 1077 bomo,
256 992 312 1076 teo,
337 987 410 1076 lapis
432 980 500 1058 otus
522 986 599 1055 Hine
620 1005 732 1074 genero
756 982 934 1052 intermedia
955 982 1077 1073 proprie
1103 1002 1172 1051 non
1193 981 1248 1050 dit-

128 1097 230 1165 iorunt
250 1093 397 1182 arnonae,
421 1091 472 1161 sed
494 1089 639 1179 spondeo.
656 1088 736 1157 Haeo
755 1097 857 1156 tamen
873 1084 1029 1156 diversius
1052 1085 1162 1175 piures
1184 1104 1250 1173 gra·

126 1200 186 1267 dus
208 1194 350 1277 admittit,
376 1195 406 1262 iu
429 1193 543 1284 quibus
562 1211 680 1280 sempor
696 1189 845 1280 posterior
861 1188 959 1280 magis
972 1186 1251 1277 detenniuatprio

127 1321 206 1382 tem;
223 1299 425 1390 quarehomo
447 1299 616 1366 secundum
638 1298 726 1383 ptura
741 1295 911 1386 praedicata
925 1293 1028 1363 differt
1043 1313 1063 1361 a
1079 1292 1250 1382 vegetabili,

128 1427 221 1494 quam
244 1405 283 1473 ab
304 1401 450 1471 animanti
475 1402 577 1472 bruto.
602 1400 681 1470 Hine
703 1422 730 1470 s.
743 1399 876 1469 Thomas
896 1398 949 1468 ait:
970 1422 986 1466 v
1004 1399 1040 1469 ln
1054 1401 1153 1470 robus
1168 1411 1252 1468 natu·

128 1510 243 1578 ratibus
259 1509 409 1598 gradatim
429 1507 543 1593 species
566 1505 721 1575 ordinatae
740 1504 882 1574 videntur
894 1501 944 1573 ²».
956 1501 1100 1591 Denivue
1113 1503 1180 1572 soto
1200 1523 1252 1572 ott·

125 1631 213 1679 mero
225 1609 372 1678 differunt
387 1606 542 1676 individua
563 1607 623 1675 sub
636 1607 740 1674 eudem
758 1604 855 1694 speeie
867 1614 1022 1693 contenta,
1038 1624 1125 1694 quae
1147 1625 1251 1693 nempe

127 1729 226 1803 aeque
247 1709 432 1800 nonnarum,
451 1726 550 1797 noqtre
573 1706 744 1797 specificam
767 1705 966 1775 differentiam
988 1718 1181 1796 agnoscunt,
1205 1705 1252 1777 sed

128 1826 250 1889 tantum
273 1813 509 1901 distinguuntur
535 1810 702 1879 meandum
729 1831 765 1878 eo
787 1831 864 1899 mane
885 1818 956 1879 tunt
978 1819 1117 1880 notando
1149 1811 1254 1901 speon

127 1917 273 1988 aduno
288 1915 314 1999 3;
337 1925 374 1983 nt
397 1914 533 1992 Socrates
553 1922 585 1980 et
608 1911 705 1980 Ptato.
730 1911 895 1999 diximus,
919 1913 982 1981 soto
1003 1932 1162 2003 nomem,
1186 1912 1250 2004 quia

128 2018 297 2110 generatim
320 2037 355 2086 oa
378 2015 524 2085 deantur
548 2033 679 2083 nantem
698 2014 834 2103 ditieraa
849 2035 926 2104 quae
943 2015 1105 2085 numerari
1131 2024 1252 2108 possint

127 2132 164 2190 ut
185 2116 334 2204 distinata,
358 2137 421 2207 quo
442 2136 537 2185 sensu
558 2117 651 2183 etiam
673 2113 830 2184 individua
857 2115 1043 2185 diversarum
1069 2119 1250 2208 spaniarum,

127 2232 164 2290 ut
186 2221 356 2291 Alexander
376 2230 406 2288 et
429 2217 627 2308 Bucephalus,
652 2228 725 2289 sunt
745 2237 875 2288 numero
896 2218 1080 2290 differentia.
1108 2218 1251 2291 binnan-

128 2326 168 2395 tia
191 2323 329 2414 specifica
352 2323 503 2412 formulis,
527 2323 601 2412 qno
627 2322 663 2411 fit
682 2322 848 2394 seeundum
870 2322 904 2392 id
925 2321 1007 2414 quod
1028 2328 1078 2392 est
1100 2322 1246 2411 formata

127 2593 187 2639 non
204 2586 298 2651 potest
324 2590 389 2633 esse
408 2568 436 2632 br
455 2574 584 2646 ntur-ibus
602 2588 659 2631 arua
677 2582 706 2632 et
718 2580 788 2647 tota,
801 2573 825 2632 si
842 2587 986 2648 generans
999 2572 1051 2631 dat
1066 2581 1163 2635 totam
1176 2590 1248 2636 suan

130 2663 317 2724 substantiam
331 2669 483 2733 generato,
503 2666 571 2713 tune
593 2657 749 2717 substantia
769 2669 828 2716 tuta
848 2656 997 2716 transitio
1015 2672 1248 2736 generatum,et

133 2764 277 2823 generans
290 2747 381 2817 perdit
393 2746 579 2803 substantiam
594 2755 681 2801 totam
700 2746 879 2817 generando,
892 2745 968 2817 quod
987 2760 1056 2802 esse
1075 2763 1137 2804 non
1157 2755 1246 2821 potest.

131 2836 199 2892 ideo
218 2835 311 2890 adhue
329 2845 447 2887 neeesse
460 2838 514 2898 est,
527 2830 603 2898 quod
622 2830 709 2885 tutem
723 2832 825 2887 babeat
838 2829 1038 2900 substantiam,
1061 2848 1142 2902 quaa
1161 2839 1245 2891 uuaet

131 2929 190 2977 tota
210 2920 246 2977 sit
260 2919 286 2974 in
299 2917 439 2987 pluribus,
450 2915 514 2972 tatis
527 2925 624 2970 autem
637 2916 794 2973 substantia
813 2930 871 2972 nou
889 2923 932 2972 est
951 2915 1005 2972 uisi
1024 2918 1191 2977 substantia
1207 2921 1245 2975 ba·

131 3005 201 3062 bens
218 3019 360 3062 summam
383 3000 617 3072 simpticitateru,
637 3003 709 3058 haee
736 3012 833 3060 autem
852 3011 895 3058 est
912 3001 975 3058 sota
994 3000 1102 3060 Divina
1121 2999 1244 3072 essentia,

130 3090 159 3146 iu
178 3105 237 3160 qua
253 3099 368 3159 propter
387 3103 529 3144 surumam
555 3087 766 3158 simplieitatem
785 3088 960 3159 suppositum
981 3101 1040 3142 uon
1061 3089 1144 3146 addit
1161 3091 1195 3146 ad
1210 3104 1242 3145 es·

129 3174 261 3242 seutiam,
280 3173 356 3228 unde
375 3187 429 3226 uec
446 3171 538 3242 ipsum
557 3180 707 3242 coarctat,
731 3187 785 3229 aaa
803 3171 916 3243 limitat,
936 3184 990 3226 nee
1008 3170 1142 3229 sormam
1162 3172 1241 3230 mutti-

129 3258 226 3328 ptioa13
244 3265 272 3313 et
292 3257 358 3311 ideo
377 3256 407 3311 iu
423 3256 470 3328 Eo,
491 3265 583 3326 notent
608 3271 671 3313 essa
696 3255 848 3327 generatio
865 3254 1089 3313 communicans
1118 3259 1239 3315 eamdem

130 3340 317 3398 substantiam
339 3350 448 3414 totam3
472 3350 500 3398 ot
528 3343 593 3399 tatis
618 3342 770 3413 generatio
788 3352 831 3398 est
848 3340 1034 3397 omnimodae
1056 3344 1242 3412 perfeetionis.

130 3437 159 3483 et
177 3427 205 3488 io
223 3427 288 3484 soto
306 3425 365 3483 Deo
389 3425 554 3498 reperitur,
588 3427 699 3482 ratione
719 3427 775 3483 iam
794 3426 891 3483 dierat
910 3425 976 3482 tuo
994 3427 1086 3495 modo
1119 3429 1244 3503 eootiugit

128 3511 254 3583 aliquem
266 3525 302 3568 ex
314 3524 347 3568 aa
368 3511 530 3581 producere
554 3521 691 3582 natantum
704 3511 739 3566 ad
754 3520 865 3582 partum
884 3509 940 3566 sui:
959 3509 1002 3566 sie
1015 3520 1103 3580 pater
1116 3515 1243 3572 naturus

128 3602 250 3667 generat
268 3595 371 3665 titium,
396 3603 507 3664 purtem
525 3595 701 3652 substantiae
713 3593 942 3664 transmittendo,
961 3603 991 3653 at
1008 3595 1200 3674 dandarum
1222 3600 1243 3662 e

129 3682 202 3736 baeu
219 3677 371 3752 generatio
401 3677 566 3735 necessario
590 3685 633 3735 est
651 3692 718 3735 eum
739 3678 969 3751 impatientioaee
1000 3679 1073 3751 qaia
1090 3683 1175 3740 onim
1193 3692 1244 3756 otta

126 3765 224 3822 densa
242 3777 299 3821 non
318 3760 403 3821 trabat
421 3773 518 3820 aetum
530 3765 625 3834 totius,
640 3780 759 3823 necasse
777 3767 910 3839 estquod
924 3778 977 3838 per
996 3769 1196 3828 mutationem
1208 3782 1242 3828 re

128 3851 233 3922 quirat3
259 3849 309 3907 aad
327 3849 405 3922 quud
422 3849 556 3922 anquirit,
570 3851 646 3922 quod
673 3851 841 3924 nonhabet,
860 3852 1011 3920 variatum·
1024 3853 1096 3911 ideo
1115 3856 1192 3913 baao
1204 3866 1240 3929 ge

130 3934 241 3991 naratio
254 3941 297 3997 eat
309 3933 429 3992 mutatio
443 3973 454 4005 ,
467 3943 497 3991 et
514 3933 599 3991 babet
612 3934 800 3995 variationem
817 3936 1015 4010 coniunctam,
1033 3948 1066 4001 at
1083 3940 1174 4000 etiam
1189 3953 1240 4001 cour

128 4019 316 4092 corruptione
333 4021 445 4078 adnexa
465 4033 482 4083 a
501 4021 571 4092 (loe.
589 4019 664 4092 eto).

162 4106 186 4174 ¹)
205 4103 265 4163 vid.
287 4104 340 4162 titt.
362 4106 394 4161 Ρ.

161 4190 185 4263 ²)
204 4189 226 4261 t,
244 4207 273 4262 q.
294 4188 401 4258 ΧΙΝΗ,
421 4204 448 4244 a.
468 4188 486 4244 2
504 4204 531 4248 o.

163 4275 186 4348 3)
206 4276 304 4334 Corrtr.
327 4273 422 4345 (ient,
444 4274 494 4334 na.
514 4275 560 4350 tv,
580 4288 608 4333 e.
629 4272 674 4334 lt.
693 4318 696 4325 .
