2760 4770
125 389 246 478 propriu
267 385 366 476 specio
386 384 556 457 constituit:
573 385 623 455 Sic
637 387 738 455 nnimn
754 389 949 474 iosnntcliue
961 403 1008 459 est
1023 389 1056 460 in
1072 410 1204 482 corpore
1218 393 1238 462 ¹.

169 489 278 557 xxtx.
302 491 717 562 discutito-decursio
732 528 776 541 -
790 486 954 563 llncnur'ro
978 492 1005 562 ².

168 592 264 662 XXX.
289 593 1239 670 dunimius-dnnurvocn——Unrvocu—llcnomunnvu.

126 698 257 784 Nomen,
281 698 365 786 quod
387 695 591 764 communiter
619 696 760 785 pluribus
782 696 841 764 sub
864 698 967 764 comm
990 697 1174 766 definitione
1197 698 1242 767 tu'-

127 801 244 887 builur,
267 800 413 889 eoquod
432 801 504 868 hoec
527 802 559 869 in
583 821 675 868 uuam
705 799 891 887 superiorem
927 811 1069 868 uotumm
1092 802 1242 870 reducun-

127 915 189 990 tur,
213 905 339 971 univoce
359 905 397 971 do
419 901 455 969 iis
480 901 641 990 pmodicuri
676 899 797 969 dicitur.
833 900 882 970 Sic
914 901 1025 969 anintol
1050 904 1180 972 univoce
1210 903 1243 970 dc

127 1003 264 1090 homino,
286 1013 318 1071 et
338 1023 419 1092 oruc
443 1002 657 1091 proedicutur,
681 1000 833 1089 significat
854 1002 938 1071 enim
972 1002 1053 1072 idem
1087 1004 1123 1082 in
1147 1003 1244 1073 homi-

127 1124 191 1191 ne,
213 1115 245 1173 et
265 1122 370 1194 equo,
395 1123 458 1172 non
480 1101 603 1192 quilem
626 1111 718 1192 prout
751 1103 823 1171 hooc
846 1106 932 1191 pluro
954 1115 1052 1190 sunl,
1078 1106 1133 1174 scd
1159 1117 1244 1194 prout

80 1229 82 1233 ·
127 1207 226 1278 ¹cidem
249 1200 351 1295 generi
373 1195 579 1276 subiiciuntur
603 1203 627 1272 ³.
661 1202 792 1291 Nomen,
816 1207 899 1292 quod
921 1208 1132 1276 communitor
1154 1209 1244 1298 pluri·

127 1310 187 1380 bns
208 1302 379 1378 secundum
393 1307 544 1375 divorsum
563 1305 771 1374 definitionem
790 1307 941 1392 tribuitur,
958 1311 1034 1396 quin
1049 1298 1154 1400 aliq'un
1177 1333 1245 1380 cuu-

127 1431 173 1498 so,
197 1410 238 1480 ob
257 1431 352 1499 quom
375 1409 449 1498 ipsis
469 1427 634 1476 commuue
656 1406 710 1495 sit,
738 1409 832 1496 possit
854 1409 1010 1499 assigniri,
1026 1414 1191 1500 aequivoce
1212 1413 1246 1482 de

41 1598 47 1610 ,
124 1513 163 1583 its
185 1513 384 1602 pmorlicutur.
411 1510 453 1578 ltu
475 1531 587 1594 nomen
607 1512 693 1579 cunis
719 1511 758 1578 do
779 1532 854 1579 cone
877 1514 1033 1599 tcrmstri,
1058 1527 1089 1582 et
1113 1516 1152 1584 dc
1175 1535 1246 1583 cuoe

127 1614 263 1699 morium
286 1615 361 1683 hooc
383 1612 466 1681 enim
487 1612 638 1702 significat
660 1633 725 1680 non
748 1612 872 1702 quidem
895 1626 984 1705 prout
1005 1615 1140 1706 aliquam
1163 1628 1248 1684 notu-

127 1731 195 1787 tum
215 1737 412 1788 communem
436 1715 572 1797 hulmum
603 1715 657 1785 sed
679 1726 771 1806 prout
794 1718 881 1804 plura
903 1712 997 1803 sunl,
1011 1738 1065 1786 sou
1089 1716 1186 1804 proul
1207 1719 1249 1786 di·

127 1840 213 1890 uerso
236 1821 395 1909 utriusque
417 1828 525 1887 nutum
547 1830 605 1905 est,
636 1826 728 1908 atque
749 1819 826 1906 quin
849 1821 910 1887 ulla
932 1810 1116 1905 similitudo,
1134 1830 1190 1886 out
1206 1821 1248 1886 nl-

128 1924 178 1993 lus
200 1922 275 1991 nlius
296 1925 373 1992 ordo
406 1921 501 1992 unlus
529 1923 568 1989 od
590 1923 722 1989 ultorum
746 1912 777 1990 in
806 1920 850 1991 eis
873 1923 1053 1992 inveniatur.
1082 1947 1097 1987 n
1127 1923 1187 1990 Ubi
1210 1934 1249 1992 ott

129 2046 206 2114 pura
229 2024 446 2114 aequivocatio,
471 2026 556 2093 nullu
578 2024 747 2093 similitudo
769 2026 802 2094 in
825 2029 916 2096 retus
939 2027 1118 2112 attenditur,
1137 2028 1191 2094 sod
1205 2045 1250 2093 so-

129 2130 196 2198 lnm
219 2127 320 2194 unitas
343 2125 479 2221 nominis
497 2126 517 2203 ,⁴
543 2150 573 2193 ι.
605 2125 653 2194 Ex
679 2147 742 2217 quo
764 2129 810 2214 fil,
835 2139 870 2195 ut
891 2129 1097 2216 ueqrdoocntio
1120 2127 1251 2195 nominis

128 2250 301 2321 processum
333 2231 606 2319 ornamentorum
633 2231 782 2319 impediat
805 2233 832 2300 ⁵.
863 2231 1027 2319 dmdoqicc
1042 2228 1090 2298 ‘dc
1114 2231 1251 2319 pluribus

129 2332 335 2402 communiter
357 2333 547 2421 praedicator
567 2351 692 2419 nomen,
707 2334 792 2420 quod
808 2328 976 2401 secundum
992 2330 1142 2414 diversum
1159 2333 1253 2421 signi·

130 2434 304 2504 ficationem
325 2433 499 2524 accipitur,
524 2435 566 2502 ita
589 2445 712 2523 minen,
731 2445 783 2517 ,ut
813 2455 877 2504 non
898 2436 976 2504 desit
997 2434 1119 2522 aliquod
1143 2435 1252 2524 princi·

131 2540 228 2626 pium,
251 2558 289 2607 ex
310 2558 374 2627 qno
388 2537 462 2605 illud
485 2557 650 2606 conrmune
664 2538 708 2607 eis
723 2537 775 2607 sil.
793 2538 881 2628 E.g·.,
902 2538 981 2607 ll'ero
994 2547 1025 2604 ot
1040 2536 1076 2604 de
1092 2558 1165 2624 ruge
1181 2557 1254 2625 quo·

130 2641 303 2727 damnine
317 2638 495 2708 homiuibus
515 2640 692 2707 crudelibus
707 2649 829 2727 propter
849 2637 1080 2731 similitudinem
1104 2658 1178 2706 cum
1203 2640 1254 2706 illo

131 2740 253 2809 dicitur:
278 2750 309 2808 et
330 2741 448 2828 sonitus
468 2750 536 2808 tum
558 2737 693 2825 animali,
718 2737 784 2806 tu'm
809 2738 983 2826 uredicinuo,
1001 2749 1067 2806 tum
1083 2736 1189 2829 pulsui
1205 2742 1254 2809 tri-

134 2843 240 2911 buitur
259 2843 302 2912 ob
323 2841 474 2929 ordinem,
490 2861 583 2931 quoru
598 2841 637 2908 od
658 2840 820 2910 sunitutcm
840 2841 963 2909 hubent.
980 2839 1027 2907 Ex
1049 2837 1165 2930 quibus
1190 2864 1254 2933 por·

132 2947 260 3035 spicitnr
281 2944 420 3032 nomina,
436 2965 515 3033 quoe
529 2944 603 3031 Deo,
619 2955 650 3012 et
665 2939 813 3014 occatoris
835 2944 1040 3014 communiter
1063 2936 1253 3031 tribuuntur,

132 3070 195 3118 nou
216 3051 352 3137 univoce,
377 3048 430 3117 scd
451 3045 609 3134 cononice
627 3065 692 3116 csso
716 3046 890 3135 accipienda
905 3046 932 3117 ⁸.
956 3037 1092 3133 Denique
1115 3046 1254 3116 denomi-

176 3239 201 3314 Ι)
220 3236 283 3295 vnt.
304 3251 361 3294 rox
379 3237 503 3307 Forma,
523 3237 575 3292 liu.
595 3237 634 3293 F.

173 3325 199 3394 2)
217 3323 279 3378 vid.
300 3323 395 3379 Motus
413 3319 1037 3389 accrertorro-decretionis-anerotimus,
1058 3318 1110 3373 litt.
1130 3319 1173 3376 M.

174 3409 195 3478 3)
215 3427 228 3465 ι
249 3410 290 3467 Ex
307 3408 360 3478 his,
373 3422 448 3478 qtruc
465 3418 530 3463 suut
548 3407 602 3465 snb
620 3407 721 3463 decem
735 3408 1042 3478 praedicamentorum
1060 3409 1177 3477 quidum
1191 3413 1257 3463 sunl

138 3498 300 3574 synonimn,
319 3487 393 3551 sicut
412 3495 463 3551 bos
483 3503 511 3549 et
529 3495 628 3564 homo,
646 3503 786 3563 quatenus
804 3495 923 3548 animal.
953 3497 1023 3550 Sunt
1045 3494 1122 3547 enim
1141 3495 1255 3564 synoni-

141 3594 187 3639 m'u
205 3597 330 3653 quorum
349 3594 454 3634 nomeu
473 3592 516 3635 ost
534 3592 712 3646 commune,
733 3588 764 3632 ut
782 3577 951 3648 animu13et
971 3580 1045 3634 ratio
1063 3579 1180 3650 eudem,
1201 3582 1252 3634 troc

141 3680 185 3725 est
202 3665 330 3722 definitio
351 3679 377 3735 ις
397 3664 486 3719 Clem.
508 3663 600 3730 Alex„
617 3663 739 3729 strom,
759 3661 807 3715 lib.
830 3662 900 3732 vlll,
921 3679 949 3717 n.
968 3663 998 3718 8.

174 3754 200 3823 4)
220 3751 318 3810 Cotur.
343 3749 447 3822 (ient,
468 3748 515 3804 lib.
537 3750 559 3819 l,
578 3765 605 3805 o.
627 3747 673 3803 tlt.
687 3776 722 3791 -
735 3747 759 3816 5)
778 3747 856 3804 Idid.

176 3836 203 3908 ο)
220 3837 242 3908 Ι,
260 3853 289 3908 q.
309 3836 381 3909 xlll,
400 3833 449 3891 ni
467 3849 495 3891 c.
509 3831 723 3892 Donomiuihuu
735 3830 1096 3906 acquiruntuetanatoqts
1112 3834 1153 3890 itu
1168 3833 1255 3906 loqui·

143 3931 190 3978 tur
209 3923 285 3977 idem
299 3919 686 3992 Cleru.Alex.‹llomonymu
704 3928 859 3988 sunt,quoe
878 3923 1110 3975 utuntureodem
1130 3924 1255 3990 nomino,

142 4024 199 4064 nou
218 4019 315 4063 nutem
335 4008 438 4063 hubent
455 4007 588 4062 eumdem
606 4007 767 4076 rationem,
788 4016 818 4060 ιιι
836 4007 935 4069 homo,
955 4005 1002 4075 qui
1022 4017 1064 4061 ost
1083 4017 1112 4061 et
1130 4009 1256 4077 urriniul,

142 4105 171 4149 ct
191 4096 278 4148 liomo
297 4092 397 4161 pictus.
417 4091 458 4146 Ex
477 4090 659 4164 homonymis
677 4101 773 4146 autern
787 4090 842 4144 ulio
855 4090 969 4160 quidem
989 4090 1094 4145 hubent
1113 4091 1191 4145 idem
1212 4107 1257 4146 uo·

142 4195 208 4235 mon
227 4196 263 4236 ex
281 4178 407 4246 fortuna,
421 4190 451 4232 ut
471 4178 543 4234 Aiax
561 4168 740 4246 Locrlus,'et
753 4177 823 4232 Aiax
835 4175 1017 4246 Salaminius3
1034 4176 1090 4229 alla
1108 4186 1207 4230 autem
1227 4192 1258 4232 ex

143 4264 312 4322 intentione.
331 4265 365 4319 llt
385 4277 420 4320 ex
439 4263 492 4335 liis,
512 4264 568 4321 ulio
588 4263 701 4334 quidum
722 4278 773 4333 uer
798 4262 1031 4333 siinilitndiuem,
1053 4269 1083 4315 ut
1104 4262 1216 4334 norun,
1237 4272 1262 4319 et
