2760 4770
493 256 596 307 annea
619 257 815 309 enumerata
1116 239 1183 309 463

57 347 311 477 ⁰ttfna¹¹tttt
327 365 361 407 ⁰¹
391 346 496 422 ''¹¹¹³¹⁰’
514 350 542 478 ⁵?
558 420 614 480 242
658 349 1225 483 itti:”tttttttttt'tt‘tttt'²⁴⁴

55 493 167 560 Omne,
196 494 423 568 quodmorsturt‚
441 494 544 551 abatio
682 441 791 566 pgenus.
843 534 1095 558 ......
1133 513 1147 554 t
1189 496 1226 556 34

74 574 211 620 ·movetur
243 604 490 626 ......
531 583 544 623 r
577 567 614 624 id.
662 566 796 639 Opposiaio
827 571 937 628 relativa
967 576 1009 626 est
1032 570 1152 626 omniurn

55 637 154 704 Otene,
173 639 241 710 quad
258 640 545 711 astperpartioipatio-
700 642 806 705 minima
809 679 1093 705 .......
1134 659 1148 696 a
1186 641 1226 698 81

95 719 300 775 uom,oausator
318 712 351 766 ab
363 729 406 780 eo,
425 711 495 784 quod
507 718 547 766 est
662 710 1006 786 Oppositorumjoontrariaa
1023 720 1156 769 suntoau-

97 797 144 851 per
162 786 350 839 essentiam.·.
389 823 397 838 .
436 823 445 840 .
483 823 493 842 .
534 799 546 837 r
578 782 616 838 ib.
698 801 743 836 sae
746 824 1095 843 ........
1136 802 1149 841 n
1187 785 1226 846 82

58 852 143 908 Omne
174 857 271 912 unibite
299 866 338 912 est
369 857 547 928 proportiona-
663 856 992 929 Oppositoromeoetruria
1018 866 1153 913 sunteon-

97 925 161 983 nne.
195 965 203 981 .
243 967 251 982 .
289 963 298 985 .
335 967 343 982 .
384 966 391 983 .
430 965 439 982 .
481 965 489 982 .
530 926 618 981 »363
700 933 844 998 sequentia.
899 967 1099 986 .....
1139 947 1153 986 t
1194 931 1232 988 83

59 997 154 1052 Omnia
167 1007 288 1071 appetunt
302 999 543 1071 primumttouumr
583 998 620 1054 52
664 1001 849 1071 Oppositorum
870 1002 964 1059 audem
982 1012 1021 1058 ost
1041 1001 1158 1073 discipti-

59 1068 169 1142 Omnia,
189 1089 255 1144 qaae
273 1071 548 1128 dieanturseoundurn
700 1089 746 1138 rra,
766 1085 792 1128 et
810 1077 932 1130 seientia.
990 1109 999 1130 .
1039 1111 1048 1129 .
1087 1112 1096 1132 .
1137 1091 1151 1130 r
1190 1075 1229 1133 84

95 1143 213 1197 ordinem
243 1144 279 1198 ad
308 1144 415 1215 aliquid,
445 1144 478 1199 ab
502 1143 548 1198 itto
665 1142 846 1214 oppositorum
864 1145 956 1201 eadem
976 1153 1015 1200 est
1034 1146 1113 1200 ratio.
1137 1163 1151 1200 r
1191 1148 1228 1201 85

94 1214 288 1282 specificantur.
340 1251 349 1272 .
388 1253 398 1272 .
434 1254 444 1270 .
484 1251 491 1269 .
531 1213 620 1272 2243
664 1216 1147 1287 Oppositorurnpotentiaesteadem)
1171 1219 1227 1278 244

60 1282 155 1339 Omnia
174 1297 233 1342 suut
252 1306 315 1342 rara
335 1304 386 1343 ona
404 1288 512 1342 veritate
532 1305 545 1343 r
567 1288 620 1342 383
665 1286 845 1358 Oppositoruru
885 1308 937 1345 uua
967 1290 1154 1361 multiplicato,

61 1354 150 1412 Omnis
172 1363 241 1413 aetio
254 1359 282 1413 tit
297 1367 511 1431 percontantem.
534 1376 547 1416 a
568 1359 620 1412 227
702 1360 890 1432 aruttiptieatur
909 1372 935 1418 et
955 1364 1095 1435 reliquum.
1132 1379 1151 1425 ,ι
1171 1363 1226 1422 211

60 1428 170 1498 Operari
191 1434 306 1503 sequitur
323 1448 390 1486 esso.
440 1469 448 1487 .
485 1470 494 1487 .
534 1431 622 1488 »209
665 1431 848 1502 Oppositarum
868 1452 918 1490 uno
941 1437 1035 1505 posito,
1051 1435 1157 1505 ponitur

60 1499 187 1569 Operatio
205 1504 368 1574 particularis
398 1509 425 1556 ot
444 1507 548 1574 propria
701 1506 853 1560 atterum..
892 1544 900 1562 .
941 1545 950 1562 .
992 1546 1001 1564 .
1039 1544 1053 1565 .,
1088 1543 1097 1561 .
1139 1524 1152 1564 r
1192 1507 1229 1566 85

96 1577 199 1644 agentis
218 1576 307 1647 protrat
326 1583 406 1631 totana
419 1579 477 1631 eius
496 1578 548 1629 vir·
598 1582 606 1597 ’
665 1574 910 1647 oppositarumuno
924 1580 1017 1652 posito,
1038 1584 1153 1650 negatur

100 1653 181 1700 tutem
205 1682 493 1703 .......
531 1647 621 1704 »liii
701 1649 812 1703 alterum
815 1685 1096 1709 .......
1117 1667 1152 1716 ⁴r
1191 1651 1229 1707 86

59 1717 184 1788 Operatio
212 1721 298 1775 notior
316 1726 356 1775 est
370 1756 379 1788 ,
392 1734 471 1793 quarn
489 1718 548 1773 sets·
666 1717 817 1789 Oppositum
836 1723 874 1775 ita
893 1739 921 1774 aa
940 1720 1018 1777 habet
1035 1722 1062 1775 in
1074 1739 1153 1793 oppo-

97 1792 193 1846 stautia
195 1828 491 1848 .......
530 1809 543 1847 a
566 1791 620 1849 213
700 1794 761 1860 aito,
776 1796 840 1847 sient
851 1797 1008 1866 prepositura
1025 1794 1051 1847 in
1064 1812 1156 1866 propo-

60 1860 170 1934 Opinari
185 1871 214 1919 et
226 1864 378 1920 existimare
389 1880 440 1919 non
463 1870 504 1920 ert
521 1862 546 1917 in
701 1865 752 1918 aira
756 1903 1099 1922 ........
1139 1885 1153 1924 s
1174 1864 1227 1925 att

102 1935 185 1989 nabis.
239 1971 488 1992 ......
530 1952 542 1990 r
566 1933 621 1989 233
664 1930 816 2005 Oppositum
843 1954 895 1993 noa
921 1936 1021 1993 dieitur
1049 1935 1083 1992 da
1105 1953 1153 1994 ruo

60 2005 172 2074 Oportet
189 2007 315 2078 principia
327 2025 444 2064 manere.
481 2047 490 2064 .
532 2007 620 2062 ‚280
700 2013 817 2078 opposito
849 2046 1053 2067 .....
1066 2047 1100 2070 ¹·
1142 2009 1231 2069 2245

62 2079 190 2149 Opposita
208 2083 281 2134 iuxta
306 2098 334 2136 se
352 2083 436 2152 posita
462 2081 549 2152 magis
666 2076 815 2150 Oppositum
834 2082 857 2135 si
877 2089 916 2137 est
933 2098 1012 2137 eausa
1031 2083 1156 2153 oppositi,

98 2151 259 2208 elucescunt.
292 2191 301 2210 .
341 2187 348 2206 .
388 2188 416 2237 .·
526 2169 548 2238 οι
585 2149 622 2207 78
703 2154 782 2206 etiam
814 2156 974 2226 propositum
1004 2162 1044 2209 est
1074 2171 1157 2229 eausa

60 2220 549 2352 03313633’ἱ“”.“’“.““;
588 2292 625 2352 aa
670 2235 1116 2368 attttztapn·arnan.
1138 2223 1232 2378 tii?

63 2363 444 2496 ⁰¹'ttttttdtttatt‘t
460 2384 555 2495 {titt
670 2365 1157 2496 tt‘tt“ttttt’t'tt‘tttttnt
1189 2371 1227 2426 '⁶‘

99 2516 218 2583 tempore
235 2511 353 2570 attribui.
391 2549 401 2570 .
441 2551 451 2568 .
489 2546 500 2568 .
538 2528 553 2569 a
591 2507 628 2564 78
698 2455 826 2580 pgantiae.
856 2550 865 2570 .
904 2549 914 2570 .
951 2459 1015 2570 'Pi-¹
1047 2550 1058 2572 .
1095 2549 1105 2570 .
1144 2511 1234 2573 »122

634 2638 664 2722 P

65 2792 196 2852 perfectio
215 2792 305 2848 ultima
331 2792 372 2849 rai
389 2798 428 2848 est
446 2792 502 2850 eius
519 2809 547 2848 o·
702 2789 857 2846 naturaliter
874 2789 987 2848 deficare
999 2810 1016 2847 a
1027 2790 1158 2864 neguitia-

102 2866 202 2937 peratio
205 2902 491 2921 .......
532 2881 544 2918 r
566 2863 621 2920 368
702 2881 735 2915 ne
749 2865 788 2916 sni
803 2863 899 2917 obiecti
903 2900 1102 2920 .....
1142 2881 1155 2932 ¹.
1174 2865 1231 2919 233

65 2939 193 2995 Perteatia
210 2936 302 2993 ultima
314 2936 351 2992 rei
364 2943 404 2992 ast
422 2937 548 3008 coniungi
666 2938 786 2992 Potentia
803 2942 845 2990 est
872 2939 949 3008 eius,
975 2937 1050 2991 euius
1068 2945 1109 2993 est
1126 2955 1155 2992 a·

102 3029 148 3065 suo
167 3011 292 3081 principio
295 3045 489 3066 .....
529 3027 542 3064 a
582 3009 620 3064 r'd.
702 3014 759 3059 otus
762 3043 1100 3064 ........
1137 3008 1230 3071 »274

65 3082 184 3140 Perfecto
202 3081 369 3152 adveniente,
393 3097 445 3136 uon
463 3090 551 3139 maaet
667 3081 789 3137 Potentia
807 3095 859 3133 uon
887 3085 969 3150 potest
998 3078 1061 3134 ferri
1081 3087 1156 3137 extra

101 3154 283 3225 imperfectam
296 3190 491 3211 .....
532 3151 620 3209 2272
702 3148 865 3206 latitudinem
885 3154 924 3206 sui
944 3151 1049 3207 obiecti.
1091 3195 1100 3210 .
1140 3150 1230 3209 »233

68 3225 213 3281 Perfectum
231 3223 546 3298 astpriosimperteeto.»
566 3225 620 3285 273
666 3226 783 3282 Potentia
808 3231 892 3294 petest
917 3224 1071 3278 naturaiiter
1095 3226 1158 3281 terri

67 3301 157 3354 Posita
174 3316 263 3366 eausa,
285 3297 389 3371 ponitur
408 3296 547 3353 effectuae
568 3295 621 3350 atr
704 3297 730 3348 ie
749 3296 774 3348 id
793 3313 891 3361 ornae,
916 3297 983 3367 qnod
1009 3299 1157 3353 continetur

68 3372 156 3424 Posito
174 3369 279 3438 aiieetu,
298 3370 401 3441 ponitur
418 3387 500 3424 eausa
538 3387 552 3426 a
584 3369 621 3422 t'b.
703 3368 750 3422 sub
769 3369 825 3420 eius
852 3367 952 3421 formati
978 3368 1090 3426 obieeta.
1112 3408 1119 3423 .
1144 3388 1157 3427 a
1178 3368 1232 3423 275

68 3444 155 3497 Posito
173 3451 244 3511 aeta,
266 3441 364 3497 totlitur
383 3442 547 3512 potentias
586 3439 623 3495 38
670 3438 1156 3510 Potentiaoppositorurnesteudemo
1177 3441 1233 3499 214

67 3516 154 3569 Posito
174 3514 323 3579 universali,
342 3517 445 3583 ponitur
462 3515 549 3588 aliqua
668 3512 798 3581 Potentia,
822 3530 889 3582 quae
908 3529 958 3564 non
985 3509 1112 3584 redigitur
1132 3517 1159 3574 iu

104 3588 160 3641 eius
180 3603 239 3658 pars
257 3586 395 3641 subiecta.
433 3625 442 3643 .
482 3627 490 3642 .
531 3583 623 3644 ‚274
703 3594 798 3649 aetum,
824 3592 864 3636 ast
883 3582 1006 3637 trustra.
1047 3623 1055 3637 .
1094 3623 1103 3640 .
1144 3584 1232 3642 1142

68 3659 156 3714 Posito
174 3675 226 3711 uno
249 3659 449 3727 contrariorum,
477 3660 550 3730 poni·
670 3657 796 3720 Potentia,
816 3672 882 3726 quae
901 3674 950 3708 non
972 3664 1054 3726 potest
1074 3656 1158 3729 redigi

105 3731 275 3784 turatrerum
296 3757 494 3789 .....
534 3750 547 3788 a
587 3727 624 3784 85
706 3729 848 3792 inactum,
868 3737 908 3781 est
933 3728 1055 3781 frustra.
1095 3768 1103 3782 .
1144 3728 1232 3785 aldit

67 3805 155 3860 Posito
175 3819 225 3856 uno
249 3801 450 3873 contrariorum,
470 3819 553 3875 nega·
671 3801 800 3867 Potentia,
822 3816 872 3868 quo
891 3799 1032 3870 perfectior
1049 3808 1101 3867 est,
1126 3819 1159 3855 eo

104 3875 275 3928 turatterum
296 3911 495 3929 .....
537 3893 550 3931 a
589 3871 626 3927 86
709 3872 879 3925 universalius
898 3872 975 3924 trabat
996 3871 1155 3931 obiectum.»
1176 3871 1232 3929 275

67 3947 184 4001 Possibiti
204 3948 287 4020 posito
300 3949 326 4001 in
338 3951 410 4014 aeto,
424 3947 487 4002 nituit
506 3950 554 4003 im·
675 3945 793 3999 Potentia
814 3945 871 3997 tatis
890 3952 939 4012 est,
958 3944 1043 4014 qualis
1063 3953 1101 3999 est
1120 3966 1158 4002 es·

104 4021 181 4088 plicat
206 4055 497 4074 .......
538 4037 552 4076 r
573 4014 628 4073 273
709 4019 794 4070 sentia
805 4053 1099 4071 .......
1141 4036 1153 4075 a
1174 4014 1230 4073 276

69 4092 214 4146 Posteriora
227 4090 397 4160 generatione
409 4100 469 4146 sunt
488 4092 554 4159 pria·
674 4087 808 4142 Potentiae
828 4084 1025 4151 rnausst'astoutur
1038 4106 1082 4161 per
1096 4089 1156 4145 atta-

104 4181 134 4216 ra
153 4163 326 4234 portentione.
373 4200 380 4217 .
421 4162 508 4217 atto
528 4171 554 4218 et
572 4159 623 4219 267
709 4166 765 4214 etus
770 4197 1102 4216 ........
1144 4181 1157 4218 a
1191 4161 1228 4217 it.

68 4238 189 4293 Potentia
206 4234 383 4310 cognoscitira
401 4249 453 4290 uon
473 4243 555 4311 potest
619 4274 624 4281 -
674 4231 889 4306 Patareaque
910 4233 1015 4307 respicit
1032 4229 1109 4291 tinam
1130 4253 1159 4294 u·
