2760 4770
110 386 199 459 Lxx.
227 388 370 458 Pnurnm
382 418 426 439 ὁ·
443 387 664 458 drauuaurau.
689 387 866 456 Allenaatea
883 386 1021 456 sumitur
1037 410 1108 476 von,
1132 390 1182 460 cui

65 488 248 578 adiungitur
270 490 439 578 particula,
471 511 549 580 quae
577 491 705 556 destruit
729 490 878 578 proprium
901 492 966 569 eins
990 490 1188 580 significatio-

63 608 145 658 nem.
173 592 209 659 ll.
227 614 274 680 g,
300 593 393 662 ltomo
409 592 506 682 pictus
520 592 690 660 donanter
704 592 815 660 tlioitus·
830 594 937 661 homa.
955 595 1101 684 stapris,
1114 617 1187 667 cum

63 693 232 761 usandum
256 716 453 764 communem
477 692 731 782 signiliuttioncm
755 705 921 784 assumatur
946 694 971 761 ¹.
1279 684 1283 691 ’

112 792 213 865 111111.
244 796 385 866 l‘uunnm
410 818 453 866 un
478 815 584 864 sture
608 815 844 864 sunnon-ox
878 815 984 867 nuncu
1012 814 1189 865 cunamen·

63 917 107 967 rt.
132 897 252 987 Aliquid
276 899 365 967 alicui
388 899 513 989 proprie
545 920 584 965 ra
618 903 707 984 potate
729 895 849 965 adlecti
875 897 1037 965 convenire
1059 896 1184 983 dicitur,

63 1001 146 1088 quod
172 1001 213 1070 illi
237 1001 305 1083 soli,
328 1015 359 1071 ct
383 1023 444 1070 nou
469 998 517 1068 alii
541 998 693 1069 convenit.
721 1000 770 1069 Ea
791 1006 880 1089 parte
900 1006 1003 1082 audem
1024 1001 1187 1089 praedica·

62 1105 100 1187 ti,
124 1125 194 1171 cunt
219 1105 298 1174 istud
324 1127 401 1194 puro
424 1117 455 1172 et
477 1125 550 1172 vero
573 1123 665 1170 sensu
688 1115 857 1192 acceptum,
879 1104 918 1172 ita
939 1114 974 1172 ut
991 1105 1064 1173 nillil
1087 1115 1188 1174 outra-

63 1226 157 1273 ncum
179 1205 206 1274 ei
232 1209 454 1296 permiscemus,
480 1205 615 1274 saliceto
638 1207 804 1291 convenit,
834 1226 897 1296 quo
919 1207 1011 1276 modo
1037 1230 1051 1271 t
1078 1228 1186 1276 vertum
1271 1236 1274 1240 ³

61 1327 172 1375 aurum
196 1307 325 1377 dicimus
348 1329 427 1391 osso,
451 1307 533 1395 quod
556 1316 602 1375 est
627 1317 769 1376 extraneo
785 1307 1015 1398 impermistum
1041 1332 1072 1378 s.
1092 1307 1187 1378 urion

61 1410 179 1480 ratione
200 1431 261 1479 esse
285 1431 345 1478 non
368 1410 479 1479 dicitur
501 1409 627 1498 proprie
647 1407 808 1477 conuenire
837 1408 925 1495 Deo,
953 1409 1030 1498 quia
1045 1409 1187 1478 conuenit

56 1510 155 1581 etiam
176 1511 334 1594 creaturis,
359 1513 451 1580 alteru
482 1512 598 1578 tutione
631 1531 645 1572 a
671 1528 736 1576 esse
758 1508 871 1578 elicitur
900 1509 1021 1601 proprie
1043 1513 1188 1581 conueni-

60 1633 96 1680 re
119 1611 208 1697 Deo,
232 1612 303 1703 quin
331 1633 394 1682 non
418 1613 509 1680 habet
532 1610 751 1680 admixtionem
790 1611 934 1680 llivinum
964 1611 1037 1681 usse
1057 1613 1188 1682 alicuius

61 1715 265 1803 privationis,
290 1718 336 1784 uel
362 1713 600 1805 potentialitatiS,
625 1712 704 1781 sicut
726 1735 792 1783 esse
813 1713 997 1783 creaturae²
1018 1739 1046 1780 u.

108 1816 225 1884 1111111.
253 1818 453 1888 l‘noruturns
480 1835 788 1886 ultratus-nautes.
817 1818 995 1906 stupratus
1029 1817 1182 1907 pltqu'oa,

59 1938 117 1987 seu
139 1921 230 1988 realis
251 1930 296 1990 ast
313 1941 358 2005 ca,
375 1940 453 2008 quae
472 1920 670 2006 consequitur
684 1919 918 2006 assentiamut
940 1920 1023 1986 calor
1045 1939 1187 1988 summus

57 2021 257 2109 consequitur
283 2021 409 2109 ignem,
447 2019 568 2088 libertas
596 2019 754 2086 hominem
787 2030 845 2087 etc.
873 2021 1052 2108 Proprietas
1074 2022 1181 2109 loqica,

58 2143 117 2193 seu
137 2123 320 2192 attenuatis
341 2132 389 2193 est
411 2122 559 2211 quaedam
581 2119 678 2207 notio,
703 2140 782 2209 quae
798 2131 899 2190 mente
921 2131 1042 2190 tantum
1065 2124 1104 2193 ab
1136 2143 1184 2193 es-

57 2222 156 2291 sentia
178 2223 400 2312 distinguitur,
430 2233 460 2292 ct
484 2223 582 2311 ipsam
605 2220 817 2310 consequitur.
845 2222 893 2291 Sic
916 2225 1052 2313 tutulos
1073 2225 1185 2294 dicittu

51 2328 228 2416 proprietas
262 2328 407 2395 assutiae
442 2326 589 2405 [lirinae3
615 2323 782 2393 mortalitas
809 2324 921 2392 dicitur
943 2326 1117 2414 proprietas
1141 2327 1184 2394 ri-

57 2427 157 2497 ventis
179 2439 251 2514 eto,
276 2449 340 2497 uon
364 2430 444 2517 quod
470 2427 526 2494 isto
548 2426 609 2497 sint
631 2425 746 2513 aliquid
763 2426 940 2496 distinctum
956 2448 974 2493 a
990 2428 1094 2513 robus,
1110 2450 1185 2516 qua-

61 2547 134 2594 rum
156 2529 301 2597 dicuutur
325 2529 545 2621 proprietates,
577 2527 629 2597 sed
660 2526 731 2615 quia
754 2539 828 2597 sunt
854 2528 1001 2617 quaedam
1025 2529 1185 2617 notiones,

58 2650 138 2718 quas
161 2629 331 2701 intellectus
355 2642 458 2700 noster
481 2629 643 2720 distinguit
666 2630 704 2699 ab
726 2630 867 2720 essentia,
884 2641 915 2700 et
929 2630 988 2722 ipsi
1002 2629 1109 2699 tribuit
1123 2634 1184 2701 rel·

59 2740 96 2800 ut
117 2731 252 2800 eiusdem
275 2731 466 2822 appendices

105 2832 236 2902 Llllllll.
263 2834 430 2904 l‘norntun
448 2850 713 2904 caru-srmone
728 2853 911 2904 ncoceruu.
932 2833 1186 2925 Prquiauu'stri·

56 2940 109 3003 cte
127 2945 283 3027 occeptum
315 2936 483 3004 definitur:
510 2934 602 3004 Notio
633 2935 834 3023 uniuersalis,
857 2956 935 3024 quae
965 2938 1072 3026 speciei
1096 2949 1186 3008 natu·

57 3055 125 3104 ram
152 3035 208 3106 iam
232 3037 431 3107 constitutam
455 3035 625 3106 necessario
647 3036 858 3125 consequitur,
874 3048 971 3125 cuper
986 3058 1053 3107 eom
1070 3041 1187 3129 praedi»

49 3146 145 3206 catur
167 3139 205 3208 de
229 3140 368 3227 pluribus
403 3139 614 3209 differentibus
636 3158 779 3207 numero.
804 3137 870 3208 lluo
902 3141 996 3209 modo
1027 3141 1187 3213 constituit

55 3251 205 3329 quartum
229 3242 443 3330 praedicabile,
467 3252 558 3329 atquc
580 3239 720 3310 conuenit
735 3240 819 3310 otoni
835 3241 954 3330 speciei,
970 3242 1041 3329 soli,
1057 3254 1088 3314 et
1103 3264 1185 3313 sem·

53 3361 121 3431 per.
148 3343 184 3410 ll.
209 3364 255 3432 g.,
280 3342 438 3433 proprium
468 3353 515 3410 est
538 3341 654 3409 bantini
671 3361 737 3410 esse
759 3340 917 3430 risibilem,
932 3344 996 3412 enti
1012 3342 1185 3435 intelligen-

51 3443 97 3511 tia
122 3442 257 3534 praedito
278 3464 345 3512 esse
374 3444 504 3513 liberum
523 3443 533 3481 ³
557 3440 697 3511 utulate
713 3461 784 3510 vero
799 3442 946 3532 accipitur
961 3465 1079 3533 pro-uo,
1098 3451 1183 3534 quod

53 3548 115 3619 soli
139 3547 248 3638 speciei
267 3547 386 3636 accidit,
410 3549 462 3618 sed
486 3567 550 3616 non
575 3545 651 3633 toti,
678 3555 714 3614 ut
735 3564 799 3616 esse
822 3543 974 3615 medicum
998 3547 1106 3618 accidit
1128 3550 1188 3620 soli

94 3754 119 3824 ι1
137 3752 201 3812 vid.
220 3750 589 3826 muscatae-Arausio,
610 3752 665 3808 litt.
683 3750 714 3810 S.

90 3839 117 3908 ²)
134 3835 164 3893 ln
184 3836 233 3892 lib.
253 3837 264 3892 1
284 3838 377 3908 Sena,
397 3838 467 3894 Dist.
490 3836 558 3906 llll,
577 3854 605 3908 q.
626 3834 647 3906 l,
669 3850 699 3890 a.
719 3828 733 3887 1
754 3832 790 3890 ad
812 3830 838 3891 l.

91 3919 117 3993 ⁸)
134 3921 177 3978 De
195 3922 251 3978 noo
265 3922 394 3994 proprio
410 3921 530 3993 loquens
550 3937 576 3979 s.
588 3917 775 3992 Augustinus,
789 3916 890 3990 lnquit:
911 3916 1011 3976 tzsunt
1024 3918 1080 3977 alla
1092 3935 1178 3994 quac.

50 4007 136 4078 dnm,
154 4019 230 4077 qnae
248 4005 307 4062 iam
325 4004 432 4062 cadero
450 4007 479 4063 iu
497 4004 575 4063 toras
594 4018 654 4061 uun
673 4003 880 4073 sidentur,neo
892 4011 989 4060 tamen
1006 4002 1036 4061 in
1054 4005 1180 4074 insono·

54 4090 267 4150 misecamus
286 4097 363 4160 suut,
382 4100 415 4147 ut
433 4089 533 4148 locare
551 4100 580 4147 et
599 4089 706 4146 ridere.
725 4088 806 4156 Quod
820 4089 1182 4162 humanum-quidun,·sad

55 4176 191 4237 tuomum
210 4175 334 4232 hominis
353 4173 459 4231 iudicet
487 4172 615 4245 quisquis
633 4172 670 4233 da
689 4181 797 4231 natura
816 4173 1117 4233 inmansuetissime
1138 4176 1180 4233 ln·

51 4264 134 4321 dieat
152 4273 166 4319 t
183 4273 194 4331 ς
214 4257 258 4318 De
275 4259 328 4319 lid.
347 4258 428 4331 ord,
448 4258 496 4315 lib.
517 4257 539 4331 l,
557 4272 587 4316 c.
604 4255 635 4319 8.
717 4310 724 4321 .
