2760 4770
607 293 651 306 -
674 255 697 323 d
723 292 767 306 -
1158 263 1202 330 att

122 389 218 457 qnam
241 372 398 442 calefactio
421 391 517 460 aquae
541 371 666 458 calidae,
691 371 761 460 quia
785 370 868 439 calor
892 370 970 461 ignis
992 384 1039 444 est
1056 374 1183 445 uiridior
1198 393 1249 448 ca-.·

122 473 189 542 lore
211 497 319 564 aquae.
347 475 426 544 Hinc
448 473 595 562 actiones,
620 496 699 565 quae
726 475 807 543 fiunt
823 497 882 564 per
905 479 1076 568 qualitales,
1092 502 1170 569 quae
1185 503 1249 552 non

122 577 296 664 suscipiunt
320 578 417 670 inagis
440 591 469 648 et
492 579 608 665 minus,
636 590 706 670 puta
732 599 889 668 generare,
904 581 1005 707 aragia
1020 595 1051 652 el
1066 584 1170 653 minus
1185 607 1248 656 non

121 679 288 768 recipiunt.
1249 714 1252 721 ·

168 781 276 853 ΧΧΙΧ.
304 785 467 857 Acriores
493 806 576 857 suar
601 808 620 855 ι
645 804 873 883 anonoarronn
902 807 1034 874 aaronis
1059 809 1248 866 ιΧιΧιιΧιιι-

122 903 229 973 Χιιιι,
255 907 319 973 scat,
345 891 506 959 narraras
529 909 626 958 rrum
650 909 671 956 ,ι
694 904 899 956 sirenarum.
932 885 1073 974 Scilicet,
1099 912 1170 959 cum
1196 915 1247 980 pa-

121 985 203 1057 tiens
225 1009 288 1056 non
312 989 369 1060 nisi
394 1002 542 1060 renaotam
562 991 726 1080 potentiam
747 989 785 1056 ad
802 989 1004 1075 recipiendam
1020 993 1182 1080 actionem,
1200 997 1250 1063 vel·

103 1091 308 1159 contrariam
332 1093 563 1183 dispositionem
592 1093 704 1178 habel,
731 1103 807 1159 lunc
829 1092 907 1160 actio
931 1113 993 1160 non
1017 1095 1217 1182 consequitur
1235 1149 1253 1181 ,.

121 1190 183 1259 nisi
206 1213 302 1281 agens
323 1216 359 1264 ea
383 1198 494 1285 polleat
518 1197 641 1281 virtute,
662 1203 698 1261 ut
719 1195 886 1279 obstacula,
904 1194 1029 1282 quaein
1047 1195 1250 1283 patiealeoa

120 1304 263 1381 currunt,
288 1295 407 1368 vincere
431 1300 535 1390 possit.
562 1299 641 1367 Hinc
667 1300 784 1366 serrum
807 1320 824 1365 a
847 1297 937 1366 debili
961 1297 1058 1366 calido
1082 1318 1145 1366 non
1167 1302 1249 1370 eale-¹

120 1395 186 1480 fir;
209 1395 289 1487 lapis
310 1418 374 1468 non
397 1399 454 1468 uisi
480 1421 532 1488 per
556 1399 719 1469 violentam
746 1399 898 1467 actionem
932 1417 1058 1468 sursum
1081 1408 1248 1486 movetur,

120 1507 180 1569 elo.
209 1497 295 1586 Item,
320 1500 440 1589 quoties
463 1501 567 1570 virtuti
589 1500 719 1570 alicuius
745 1501 864 1589 agentis
878 1498 1069 1571 contrarium
1084 1520 1178 1590 agens
1193 1501 1249 1571 ob·

120 1597 214 1687 sistit,
239 1604 317 1672 actio
339 1604 538 1692 consequitur
562 1602 707 1671 virtutem
728 1601 893 1691 superioris
908 1603 1038 1692 agentis,
1058 1615 1150 1692 prout
1166 1605 1250 1674 istud
1357 1623 1359 1627 ·

119 1701 265 1772 virtutem
289 1707 415 1776 alterius
450 1706 481 1772 in
504 1726 536 1773 se
558 1706 708 1794 reuocatis
739 1703 921 1793 imminuit,
946 1715 1038 1797 atque
1059 1702 1186 1796 impedit
1209 1728 1249 1775 ne

120 1804 251 1874 ulterius
274 1807 305 1875 in
327 1829 359 1877 se
381 1820 463 1898 agal.
1250 1868 1254 1876 .

167 1908 212 1976 Ex
235 1910 292 1979 hoa
314 1912 405 1981 elfato
427 1913 571 2004 colligere
594 1913 665 1982 licet
687 1911 845 1981 infinitam
872 1930 938 1980 esse
962 1912 1105 1979 virtutem
1122 1909 1246 1979 creandi

121 2010 234 2100 aliquid
257 2035 295 2084 ex
319 2016 425 2084 nihilo.
452 2017 601 2133 Etenim,
624 2016 884 2107 quemadmodum
912 2037 950 2085 eo
972 2014 1071 2082 maior
1095 2015 1192 2082 virtus
1214 2016 1255 2105 in.

121 2125 232 2203 agente
254 2096 496 2208 expostulatur,
507 2141 570 2210 quo
593 2119 690 2209 magis
713 2129 831 2189 remota
859 2115 961 2186 estin
984 2116 1113 2203 patiente
1138 2129 1252 2206 polan·-

122 2217 165 2284 lia
185 2220 336 2287 actionem
360 2219 441 2288 illius
464 2221 643 2333 recipiendi,
669 2223 710 2288 ita
734 2220 884 2288 maxima
890 2227 1011 2309 oportet
1034 2229 1069 2286 nt
1091 2220 1130 2286 sit
1146 2219 1247 2288 virtus

122 2319 155 2386 in
177 2331 308 2410 alneum,
323 2321 395 2410 quia
419 2322 502 2390 nulla
525 2333 571 2390 est
593 2322 625 2390 in
648 2322 744 2391 nihilo
767 2321 901 2410 potentia
929 2320 1248 2410 recipiendumque

122 2444 183 2511 que
207 2423 286 2493 inter
309 2424 403 2512 istud,
428 2441 459 2494 et
482 2426 558 2495 illud
581 2425 716 2494 infinita
725 2424 872 2495 occurrit,
883 2422 1039 2492 distantia.
1095 2429 1097 2433 ’

87 2551 91 2558 ·
132 2524 262 2596 Χ,,ΧΧ.
288 2527 451 2598 Antronas
476 2549 558 2598 suun
582 2547 840 2597 suraosrronuu
866 2524 932 2594 Hoc
954 2525 1080 2592 allatum
1102 2522 1162 2592 sihi
1180 2524 1245 2592 Χιιιι

121 2628 325 2697 substantiam
348 2650 437 2718 agere
460 2650 523 2697 non
546 2649 650 2717 posse,
676 2627 733 2695 nisi
757 2634 891 2716 assecula
913 2627 954 2696 sit
976 2624 1024 2695 sui
1040 2627 1251 2714 complemen

123 2741 203 2815 lum,
228 2751 282 2800 seu
304 2730 544 2816 subsistentiam.
572 2730 689 2819 Neque.
706 2728 735 2798 id
757 2730 841 2798 mere
855 2727 1108 2813 concomitanter,
1125 2728 1176 2796 sed
1192 2747 1246 2823 an·¹

124 2834 308 2921 teccdenter,
333 2834 409 2905 aden
431 2844 467 2902 ut
489 2834 572 2924 prius
595 2839 634 2904 sit
657 2856 721 2902 rem
749 2832 939 2920 subsistere,
963 2852 1057 2921 quam
1080 2851 1181 2920 apere,
1207 2830 1251 2898 ιι-Ι

123 2936 250 3022 quidem
271 2946 392 3026 oportet
415 2948 451 3004 nl
474 2946 583 3004 natura
604 2938 645 3003 sit
668 2936 700 3003 in
725 2955 783 3004 suo
805 2955 870 3004 esse
897 2934 1079 3022 completo,
1102 2932 1249 3019 adplene

123 3037 303 3127 constituta,
326 3049 488 3126 antequam
511 3043 666 3129 operetur.
690 3037 739 3104 ‘Ex
760 3056 823 3124 quo
847 3037 901 3122 fil,
924 3044 960 3102 ul
983 3033 1127 3116 aetianae,
1152 3052 1248 3120 acque

124 3158 174 3217 ιι
184 3141 350 3229 passiones,
376 3142 435 3210 toti
454 3140 635 3230 composito,
653 3137 896 3225 seuindiriduo,
914 3157 977 3204 non
992 3135 1050 3212 soli
1067 3132 1157 3225 parti,
1173 3154 1254 3222 quaa

124 3243 276 3311 notionem
300 3242 382 3312 elicit
402 3245 450 3312 vei
472 3247 596 3332 patitur,
623 3244 784 3312 tribuatur.
817 3240 877 3326 Sic,
903 3260 1030 3328 corpore
1052 3258 1168 3326 aegro,
1192 3237 1259 3309 ho-¹

124 3366 179 3412 mo
201 3344 314 3433 dicitur
335 3355 503 3432 aegrotare,
527 3354 578 3431 et,
603 3345 704 3414 anima
718 3341 929 3430 intelligente,
953 3341 1048 3409 horno
1069 3339 1183 3409 dicitur
1204 3339 1251 3407 in·

125 3445 263 3534 telligere
281 3447 307 3516 ¹.
340 3446 527 3514 Manendum
549 3459 651 3513 tarrren
674 3443 723 3511 hic
756 3456 802 3512 est
825 3441 1053 3511 subsistentiam
1086 3460 1150 3521 non
1173 3461 1249 3528 corr,-¹

124 3569 250 3617 currere
274 3548 305 3616 in
329 3549 469 3617 effectum
495 3560 649 3636 tamquam
673 3542 884 3635 principium,
920 3564 984 3632 quo
1008 3542 1144 3630 operalio
1169 3542 1253 3610 eliei=

125 3661 208 3737 tur,
243 3659 363 3719 constat
384 3649 466 3717 enim
490 3645 667 3716 huiusmodi
701 3644 883 3736 principium
913 3665 978 3712 esse
1000 3656 1168 3726 neumam,
1201 3645 1254 3712 sad

125 3763 286 3840 tamquam
309 3751 476 3821 terminans
499 3760 530 3821 el
554 3748 710 3842 perficiens
732 3760 893 3835 naturam,
924 3749 966 3814 itu
989 3747 1120 3829 ulliaco
1143 3745 1253 3814 edicia-

162 3939 188 4005 ί)
208 3937 289 4007 Quod
309 3938 385 3995 haud
405 3937 528 3994 latenter
547 3935 638 3994 innuit
656 3953 681 3994 s.
702 3936 891 4007 Augustinus,
911 3931 960 3990 ubi
979 3932 1039 3988 ait:
1063 3948 1076 3987 ι
1096 3928 1165 3986 Tria
1185 3928 1249 3998 ista,

125 4023 283 4091 memoria,
297 4022 471 4095 intellectus,
491 4028 520 4080 el
539 4039 635 4093 amor,
655 4037 718 4078 mea
738 4030 815 4091 snut,
835 4036 891 4075 nou
911 4034 975 4091 sua3
990 4033 1043 4074 nec
1055 4017 1120 4087 sibi,
1134 4017 1183 4072 sed
1199 4017 1250 4071 mi·

125 4114 155 4169 hi
174 4122 277 4184 agnon
297 4113 386 4166 immo
405 4127 462 4183 ego
482 4127 532 4182 per
552 4111 612 4168 illa.
632 4112 695 4182 Ego
713 4108 791 4163 euim
811 4105 928 4162 memini
944 4121 994 4175 per
1008 4101 1192 4170 memoriam,
1207 4103 1247 4157 in·

124 4199 229 4269 lolligo
249 4211 300 4264 per
320 4195 508 4266 intellectum,
536 4192 934 4266 momenmentum&
955 4185 1248 4295 Trim,llt.xl',c.

120 4281 221 4352 Qu.
241 4277 290 4335 ta

196 4365 397 4437 Stenoamnno,
403 4367 529 4426 nealcen
1046 4350 1067 4414 ‘³
