2760 4770
148 364 230 446 dum
255 384 283 431 a.
303 384 348 452 g,
364 361 551 453 pettuciditas
566 363 643 430 aeris
658 362 695 430 nd
713 363 817 432 lumen
836 362 867 433 in
882 382 914 431 sc
929 363 1189 455 suscipiendum
1212 366 1269 433 luet

145 465 229 533 anim
251 476 297 534 est
319 463 467 554 capacitas
495 464 672 533 admittendi
710 464 833 534 luminis
855 467 887 533 in
908 485 942 534 se
961 467 986 537 ¹.
1016 468 1169 537 Potentia
1188 467 1270 536 rabie

145 569 224 635 ctiua
246 568 371 636 denotat
393 566 504 656 aliquid
541 564 707 658 positivum
731 566 763 634 in
785 567 945 656 subiecto,
978 579 1061 660 puta
1087 567 1269 638 idoneitatem

146 667 183 734 ad
207 668 347 736 formam:
379 668 531 739 ornatur
559 689 630 738 raro
654 669 729 737 nibil
754 670 915 759 positivum
945 673 1137 760 praesefert,
1161 675 1211 741 scd
1232 691 1269 742 so

147 772 205 839 inm
230 772 261 841 in
287 773 349 842 Deo
372 772 604 842 foecunditatem
635 772 819 862 producendi
847 774 1023 862 quodlibet.
1052 773 1107 843 Sic
1132 772 1266 866 possibili-

149 882 194 941 tas
215 875 339 944 atterius
362 874 468 944 mundi
504 874 579 942 nibil
609 877 754 964 importat
780 883 852 946 actu
875 875 908 944 iu
929 878 1032 946 altero
1057 877 1204 963 mundo,
1225 875 1265 944 sad

150 979 246 1047 solam
270 978 408 1068 designat
431 977 553 1046 Divinae
582 977 735 1047 Potentiae
758 977 1017 1067 foecunditatem,
1057 998 1077 1046 a
1101 999 1165 1069 qua
1190 975 1266 1068 possit

146 1082 316 1169 epotantia
340 1082 377 1148 ad
400 1092 502 1150 actum
533 1081 648 1149 reduci.
676 1082 807 1150 Vocatur
829 1092 931 1151 autem
957 1080 1103 1171 potentia
1125 1080 1263 1163 moutam

140 1183 191 1249 ret
212 1181 284 1271 quia
308 1183 395 1268 itiud,
419 1182 572 1273 qualest
599 1184 634 1251 ia
656 1185 791 1271 potmrtia
817 1184 973 1270 obiectira,
997 1181 1167 1252 obiectum
1189 1181 1263 1250 sotto

145 1283 270 1354 divinoe
292 1283 529 1376 omnipotentiae
558 1296 627 1367 est,
658 1289 704 1355 ret
728 1285 799 1375 quia
822 1288 976 1356 obiectum
998 1284 1196 1375 cognitionis
1215 1301 1263 1352 ctat

145 1394 254 1472 potest.
281 1385 415 1456 Potentia
449 1387 613 1455 subtemina
648 1387 758 1456 iterum
788 1390 904 1458 retest
937 1408 1027 1457 meto
1051 1381 1260 1476 receptivas·

142 1488 357 1555 tautummodo
382 1486 510 1554 sormam
534 1487 696 1576 recipiendi
711 1487 906 1577 capacitatem
922 1489 1106 1578 praesefert;
1124 1510 1190 1578 quo
1210 1506 1260 1555 nro

144 1585 185 1652 do
206 1605 318 1676 corpus
340 1589 511 1657 humanum
534 1591 632 1659 estin
657 1590 791 1681 potentia
805 1592 969 1662 cubicetira
991 1586 1143 1681 respectu
1164 1591 1260 1659 amittat

144 1689 309 1775 rutundis
335 1695 382 1762 rel
405 1692 496 1762 etiam
520 1695 557 1762 ad
588 1694 820 1784 productionem
848 1697 976 1781 formae,
1001 1715 1089 1784 qtrae
1111 1692 1259 1781 recipitur,

142 1793 368 1881 quodammodo
388 1794 566 1880 concurrit,
599 1805 750 1882 quatenus
781 1796 855 1862 hacc
884 1795 923 1862 ab
945 1793 997 1863 illa
1022 1794 1194 1876 educitur3
1214 1811 1259 1882 qut

140 1894 246 1978 modo,
270 1916 300 1966 e.
326 1919 372 1986 g.,
399 1895 518 1987 tignum
541 1905 587 1965 est
610 1897 641 1969 in
670 1896 803 1987 potentia
829 1896 992 1967 subiectiora
1016 1906 1163 1987 respectu
1187 1894 1256 1985 ignit.

184 1993 318 2063 xxvttt.
346 1997 507 2069 Puramrra
533 2016 938 2068 unornane-nasorum.
961 1997 1048 2065 Sunt
1072 1998 1148 2068 varii
1172 1997 1256 2080 modi,

139 2093 253 2182 quibus
276 2097 329 2165 [tei
365 2098 498 2166 Potentia
526 2120 543 2165 a
573 2097 661 2167 nobis
695 2098 877 2186 concipitur.
915 2098 1034 2189 Nempe
1058 2099 1176 2170 dicitur
1199 2100 1256 2169 tea

136 2212 230 2293 'posse
252 2204 289 2273 de
312 2201 445 2294 potentia
467 2202 605 2272 ordinata
636 2202 722 2288 iilud,
742 2224 757 2267 a
775 2202 859 2289 quod
880 2201 1064 2271 attribuitur
1086 2202 1151 2270 sibi
1174 2200 1204 2272 in
1221 2219 1255 2269 ot·

142 2306 213 2376 dine
235 2306 272 2374 ad
295 2303 495 2394 sapientiam,
532 2312 563 2373 ct
593 2301 821 2392 praescientiam
843 2313 874 2374 ct
897 2304 1091 2374 uoluntatem
1119 2307 1193 2375 Eius
1207 2304 1218 2343 ²
1233 2328 1252 2370 r.

141 2408 241 2499 Atque
264 2409 337 2478 haec
360 2405 493 2497 potentia
517 2407 660 2474 ordinata
681 2407 850 2497 appellatur
873 2407 920 2475 rel
948 2405 1129 2495 ordinaria,
1156 2409 1252 2476 reta

143 2511 364 2596 traordiamio,
376 2516 469 2598 prout
492 2517 628 2579 versatur
649 2505 729 2577 circa
751 2528 798 2594 ea,
827 2528 905 2596 quaa
928 2508 974 2577 rel
997 2506 1252 2597 secundumn!

134 2620 255 2702 praeter
277 2621 405 2680 naturae
427 2629 555 2680 cursum
578 2611 670 2679 fiunt.
688 2609 805 2680 Dicitur
819 2621 920 2679 autern
937 2609 1019 2678 Deus
1043 2631 1140 2700 posse
1161 2614 1251 2701 ‹ie-pr

136 2714 235 2782 tentia
256 2713 389 2782 mamma
417 2713 517 2801 iilud,
552 2713 635 2803 quod
662 2713 841 2784 attribuitur
870 2714 1025 2804 potoatiac
1047 2717 1250 2784 meandumtt

139 2816 382 2886 mnaidmataeb
375 2844 384 2903 3
421 2835 483 2904 quo
507 2815 599 2884 modo
626 2836 643 2884 a
674 2815 738 2885 Deo
759 2815 825 2884 fieri
849 2825 946 2905 potest
971 2815 1128 2906 quidquid
1151 2828 1249 2888 mutu

131 2915 298 2989 dictionem
322 2937 385 2986 non
409 2917 554 3006 implicat,
579 2936 634 2987 seu
663 2931 753 2987 amaa
779 2918 868 3003 iilud,
892 2919 926 2986 ia
948 2939 1008 3015 qao
1031 2919 1157 2991 saivari
1173 2923 1248 3032 pateat

136 3019 217 3087 ratio
239 3019 357 3088 autia⁴.
383 3017 527 3099 Quocirca
553 3017 585 3086 1
607 3017 740 3107 potentia
768 3018 907 3088 absoluta
930 3038 992 3087 non
1015 3021 1076 3090 nisi
1103 3023 1149 3091 rei
1172 3017 1248 3112 pom·

125 3119 282 3190 ¹bititatem
311 3119 454 3208 respicit;
489 3120 524 3190 1
548 3120 628 3190 Deus
654 3143 669 3184 r
695 3121 830 3210 potentia
863 3120 1002 3190 absoluta
1040 3135 1145 3213 potest
1172 3126 1248 3193 tama

129 3220 215 3309 etia,
239 3240 331 3310 quam
354 3241 433 3308 quae
467 3221 624 3310 praescivit
646 3233 676 3291 et
705 3220 928 3312 praeordinavit
957 3243 990 3292 se
1020 3223 1210 3293 iactururn³
1224 3246 1246 3291 r.

1 3353 8 3364 ·
137 3320 170 3392 d·
198 3342 213 3387 r
238 3322 422 3392 Absolutum
444 3332 474 3390 et
496 3324 670 3411 regularum
691 3341 754 3391 nou
769 3321 981 3392 attribuuntur
1002 3321 1136 3395 Divinae
1158 3327 1246 3396 Patm-

137 3422 218 3511 tiae,
242 3422 362 3495 nisiex
386 3433 491 3494 nostra
512 3424 778 3512 consideratione,
812 3445 892 3513 quae
922 3424 1076 3497 Potentiae
1101 3429 1158 3500 Dei
1180 3429 1208 3499 io
1221 3445 1247 3495 tr

136 3525 355 3613 consideratae,
379 3545 459 3616 quae
481 3525 620 3595 absoluta
640 3524 761 3614 dicitur,
784 3525 896 3616 aliquid
917 3525 1069 3616 attribuit,
1094 3533 1180 3621 quod
1198 3548 1248 3603 ott

134 3624 275 3695 attribuit
297 3624 334 3694 Εἰ
358 3625 526 3696 secundum
550 3627 635 3717 quod
657 3628 694 3696 ad
719 3625 896 3719 sapientiam
926 3640 1151 3722 comparatur,
1175 3639 1248 3723 prout

136 3724 408 3797 dieitur'ordinata
426 3728 474 3796 ⁰».

171 3970 200 4129 ²¹),
215 3969 485 4132 tleqidetllLScut,
504 4057 574 4117 bist.
596 4056 618 4133 1,
637 4076 666 4132 q.
689 4059 723 4131 tt,
741 4076 770 4118 ι.
790 4057 808 4118 d
826 4062 882 4119 rol.

136 4138 198 4213 ,4)
210 4141 284 4201 loc.
302 4140 415 4214 eiad)
428 4143 455 4214 t,
473 4160 503 4216 q.
522 4141 612 4217 XXV,
631 4159 659 4200 a.
679 4140 697 4200 d
714 4144 752 4201 ad
772 4141 862 4219 1.-³)
880 4142 957 4206 Idid.

171 4227 194 4312 t)
214 4226 266 4300 Qu.
286 4222 397 4301 dirpp„
418 4228 462 4288 Bc
480 4229 557 4303 Pet,
577 4247 604 4317 q.
626 4229 649 4303 1,
668 4245 695 4287 a.
716 4228 734 4288 b
752 4229 838 4289 adb.
940 4240 946 4249 “
1042 4240 1045 4245 ’
