2760 4770
558 348 600 361 -
624 308 646 375 P
668 347 713 361 -
1082 315 1147 384 253

118 429 198 499 xvt.
224 428 548 502 Persice-Locren
567 427 588 493 ¹.
1183 496 1186 501 .

117 532 208 602 xvu.
233 533 396 603 l‘nrsrcuu
422 527 914 600 ruucrun—llurueuarreuu.
946 529 1100 597 Punctum
1128 549 1197 598 mu-

66 631 268 702 tlremuticum
291 641 337 702 est
360 631 446 716 illud,
472 649 534 720 quo
562 629 636 697 nihil
660 628 764 696 minus
779 629 811 697 in
832 629 1008 699 extensione
1030 632 1196 719 excogitari

68 743 185 822 potest,
210 733 285 802 idest
307 732 394 800 cuius
418 733 502 800 nulla
524 752 593 819 pars
615 740 674 800 est.
699 733 853 802 Pacuuium
876 752 946 800 vero
968 732 1129 820 physicum
1150 746 1198 804 est

11 914 15 919 .
66 831 171 918 illud,
195 826 277 922 qued
301 833 369 903 licet
397 836 576 903 naturaliter
610 833 642 901 iu
668 845 765 924 partes
799 832 890 901 diridi
914 845 1067 923 nequeat,
1093 844 1197 905 tannen

67 945 193 1003 nostrae
215 935 393 1020 cogitationi
418 946 528 1023 partes,
555 936 683 1022 inques
706 932 865 1020 dividitur,
890 934 1024 1003 exhibet.

119 1035 227 1106 xvttt.
252 1036 633 1109 Posrrrva-Necarrrn.
657 1034 689 1103 l'
707 1035 878 1104 Positiuum
900 1036 1099 1125 distinguitur
1121 1058 1195 1108 con-

71 1142 123 1203 tra
144 1137 343 1224 negotiorum,
380 1148 471 1225 prout
493 1137 575 1204 rende
607 1146 714 1204 contra
743 1133 796 1222 id,
830 1137 912 1224 quod
943 1159 1006 1206 non
1029 1150 1074 1207 est
1096 1140 1189 1209 reete.

66 1235 105 1306 Ξ·
123 1237 256 1306 Positiue
278 1237 361 1306 alteri
378 1235 544 1328 opponitur
560 1235 646 1324 illud,
663 1235 746 1325 quod
766 1235 832 1308 eius
853 1239 1036 1306 contrariam
1060 1239 1193 1311 formam

66 1336 173 1420 habea
197 1337 346 1426 siquidem
375 1336 552 1405 «dicuutur
572 1336 737 1425 contraria,
753 1338 922 1407 secundum
945 1340 1026 1429 quod
1049 1341 1081 1409 in
1105 1351 1193 1410 utre-

61 1458 128 1528 que
150 1439 262 1530 aliquid
286 1440 411 1529 positive
435 1438 646 1509 consideratur
668 1438 715 1520 ²u;
733 1439 930 1510 contrarietas
958 1440 1128 1510 enimcum
1151 1441 1192 1510 sit

60 1539 233 1621 differentia
256 1542 425 1611 secundum
458 1541 587 1609 sormam
605 1539 650 1622 ³u3
676 1540 814 1628 sequitur
837 1552 871 1608 nt
898 1563 912 1605 a
938 1543 1091 1632 oppositio
1114 1550 1190 1611 con·

64 1639 231 1711 trarietatis
254 1642 292 1711 sit
307 1663 343 1710 ex
360 1652 443 1730 parte
466 1639 667 1731 positionisin
684 1651 815 1728 utroque
837 1641 886 1709 ⁴».·
915 1643 1063 1730 nepotem
1084 1656 1188 1715 aarum

62 1739 154 1829 illud,
177 1742 259 1831 qued
283 1764 382 1832 neque
404 1740 487 1810 illam
505 1742 633 1809 formam
649 1741 749 1827 habet,
767 1760 865 1827 neque
880 1742 1010 1810 termam
1035 1745 1089 1833 ipsi
1113 1766 1187 1816 con-

60 1843 202 1913 trariam.
228 1843 264 1910 ll.
290 1867 337 1934 g.,
361 1845 500 1931 regmine
521 1843 683 1910 territatum
697 1840 819 1909 ciuilem
840 1840 952 1911 dicitur
976 1843 1085 1914 habere
1111 1870 1125 1911 c
1151 1869 1184 1916 a·

60 1943 187 2034 gressis,
211 1944 264 2032 qui
287 1955 372 2012 extra
395 1942 511 2011 cirilem
541 1942 631 2009 vitam
654 1952 723 2027 cst,
747 1952 777 2008 et
803 1962 854 2030 per
877 1962 1068 2032 consequens
1090 1949 1185 2018 actio-

56 2065 117 2114 nes
140 2045 206 2114 eius
229 2065 326 2134 neque
349 2045 456 2128 bonae,
483 2064 581 2133 neque
604 2045 700 2112 malae
722 2052 795 2110 sunt
814 2041 952 2132 civiliter,
979 2047 1010 2114 in
1033 2062 1185 2137 quantum

59 2163 128 2215 non
150 2156 224 2217 sunt
245 2146 401 2216 ordinatae
423 2147 461 2215 ad
483 2144 570 2215 civile
590 2145 707 2213 bonurn
724 2146 772 2212 ⁵».
793 2144 865 2212 ltcm
889 2150 1039 2237 aepactae,
1066 2155 1112 2219 rel
1133 2174 1189 2240 po-

56 2248 150 2317 sitine
172 2246 334 2317 infidelitas
372 2247 576 2336 aTlreologis
605 2246 825 2315 consideratur:
863 2270 878 2312 a
903 2248 1064 2320 infidelitas
1086 2254 1186 2344 dupli-

56 2346 136 2418 citer
157 2347 251 2436 accipi
276 2356 383 2437 potest.
409 2345 478 2414 Uno
508 2347 601 2415 modo
628 2348 799 2416 secundum
834 2369 941 2439 puram
965 2352 1182 2442 negationem,

56 2459 96 2516 ut
119 2448 238 2518 dicatur
261 2447 390 2517 infidelis
413 2468 450 2515 ex
474 2445 532 2514 hoc
554 2449 643 2534 solo,
673 2447 755 2535 quod
783 2467 846 2517 non
870 2448 959 2516 hahet
982 2451 1085 2523 fidem.
1112 2455 1180 2524 nno

53 2549 152 2618 modo
175 2557 273 2640 potest
295 2547 423 2635 intelligi
447 2544 606 2615 infidelitas
627 2547 796 2615 meandum
817 2548 1059 2620 contrarietatem
1082 2557 1120 2624 ad
1145 2559 1181 2627 fi·
1296 2552 1300 2559 ’

52 2651 139 2734 dem3
164 2672 223 2740 qua
246 2647 359 2717 scilicet
381 2646 490 2734 aliquis
514 2657 664 2736 repugnat
683 2649 800 2717 auditui
820 2649 900 2738 fidei,
925 2652 1084 2722 ueletiam
1107 2679 1182 2729 con-

53 2753 166 2823 temnit
189 2753 314 2842 ipsam⁶
334 2774 363 2816 u.
399 2749 431 2818 3⁰
457 2749 579 2838 Aliquid
613 2750 737 2825 alterius
767 2752 879 2822 actioni
908 2756 1046 2825 resistere
1068 2757 1180 2831 dicitur

51 2855 193 2945 positive,
211 2856 257 2922 vel
272 2852 516 2941 crepotiueprout
533 2853 578 2919 rel
593 2852 776 2925 contrariam
792 2853 819 2921 ei
837 2853 939 2921 obiicit
954 2854 1113 2941 actionum
1134 2865 1181 2932 vet

51 2958 175 3047 tantum
197 2955 347 3022 delectum
363 2949 526 3019 habilitatis
543 2952 581 3019 ad
605 2951 693 3020 illam
716 2951 748 3020 in
770 2973 802 3020 se
819 2953 1179 3042 suscipiendan1.d‘'dli·

50 3057 176 3149 quando
198 3056 382 3145 positivam
401 3055 538 3144 impetire
552 3054 632 3124 idem
653 3053 837 3144 significant,
855 3076 890 3124 ac
905 3057 1026 3145 directe,
1044 3070 1075 3128 et
1096 3065 1179 3133 indi-

50 3166 144 3239 recte,
155 3180 262 3246 nempe
277 3178 348 3226 cum
364 3156 546 3225 adhibentur
557 3156 592 3223 ad
608 3155 756 3227 diversam
772 3159 921 3228 rationem
932 3158 1175 3252 significandam,

50 3282 112 3349 qua
136 3259 203 3348 quis
220 3260 364 3326 damnum
389 3255 472 3324 alteri
497 3256 596 3327 insert.
615 3258 701 3350 ng,
723 3262 861 3350 positive,
880 3263 928 3331 vel
950 3267 1101 3352 repetire,
1118 3288 1180 3349 ¹seu

51 3363 172 3449 directe,
188 3363 231 3429 rel
253 3360 399 3430 condirecta
423 3369 519 3450 potest
541 3360 611 3448 quis
634 3382 698 3430 esse
720 3384 812 3432 ceusu
837 3365 966 3432 iniustae
987 3370 1174 3457 acceptionis:

55 3487 69 3530 c
96 3465 213 3533 llirecte
229 3461 366 3551 quidem,
384 3461 506 3549 girando
527 3460 642 3530 inducit
656 3461 766 3551 aliquis
781 3464 875 3532 aliurn
890 3467 928 3532 ad
952 3465 1173 3552 accipiendunn

50 3576 80 3636 et
104 3566 163 3633 hoc
184 3565 306 3654 quidem
337 3562 503 3652 tripliciter.
543 3563 646 3631 Primo
674 3563 798 3652 quidem
828 3564 942 3652 modo,
968 3569 1118 3638 inurendo
1139 3572 1176 3641 nd

49 3665 146 3759 ipsam
168 3664 388 3754 acceptionem
411 3661 640 3754 quodquidam
664 3664 700 3731 tit
721 3664 939 3754 praecipiendo,
970 3671 1170 3762 consulendo,

49 3766 268 3845 consentiendo
289 3785 441 3854 expresse,
465 3776 496 3837 et
518 3767 672 3837 laudando
694 3766 829 3858 aliquem
844 3768 931 3859 quasi
953 3781 1113 3844 strenuum
1137 3778 1174 3848 de

84 4015 111 4081 ι)
129 4013 196 4072 vra.
215 4028 243 4084 p.
266 4010 327 4072 rao.
348 4015 416 4085 -u
434 4013 465 4069 in
485 4013 536 4071 ua.
558 4014 581 4071 n
600 4015 692 4090 seue,
713 4017 782 4075 nist.
803 4015 863 4091 xe,
887 4035 915 4091 q.
936 4019 958 4094 r,
978 4034 1006 4078 a.
1026 4020 1043 4080 a
1061 4010 1119 4085 so't.

84 4098 111 4170 ³)
132 4099 166 4153 t·
181 4097 242 4170 2¹⁶,
262 4116 290 4171 q.
311 4097 425 4171 XXXV,
444 4115 472 4156 a.
492 4097 512 4154 l
530 4114 557 4157 c.

82 4187 109 4254 ⁴)
128 4184 160 4239 ln
178 4184 228 4238 lib.
247 4184 270 4240 lt
289 4184 382 4254 Seue,
403 4185 459 4241 loc.
480 4185 529 4242 cit.

87 4271 115 4344 ⁸)
136 4268 213 4326 leid.
232 4269 268 4323 ad
289 4267 314 4325 t.
327 4267 395 4341 -·6)
413 4268 446 4327 2·
462 4268 522 4344 2⁸0,
540 4287 568 4343 q.
588 4269 625 4343 X,
645 4284 672 4328 a.
694 4269 709 4328 l
729 4285 756 4329 c.
