2744 4770
122 406 305 466 extromum.
332 392 404 462 lude
425 392 547 483 exurgit
569 391 724 461 distinctio
748 390 827 459 inter
849 389 947 460 dioe're
967 391 1020 487 ool,
1040 400 1071 461 et
1086 392 1187 462 dicore
1201 395 1239 480 iu,

121 500 161 577 de⁴
179 519 240 586 qua
263 496 335 565 alibi
356 496 490 565 diximus
505 496 529 565 ¹.
555 495 592 563 tt.
611 517 659 583 g,
684 494 842 580 albitudo,
868 493 894 562 ri
917 495 1007 564 ouius
1030 495 1095 565 duo
1117 486 1237 585 corpora

122 600 189 669 alba
213 599 269 669 sibi
294 599 420 667 invicem
445 597 627 681 reseruntur,
651 606 743 685 atque
769 595 878 665 similia
894 599 1095 685 appellantur,
1114 597 1185 666 dicit
1200 599 1238 685 in,

122 700 149 768 si
173 712 337 792 spectetur,
361 711 512 789 quatenus
540 699 676 768 inhaeret
703 699 856 782 extremis
873 699 945 768 dicit
968 720 1041 768 vero
1063 701 1118 787 od,
1143 713 1239 789 opunte

124 824 184 874 nus
207 802 346 872 albitudo
368 800 459 870 unius
487 823 559 870 cum
581 798 745 876 albitudine
766 800 891 872 alterius
914 811 1123 890 comparatur.

167 904 274 975 Xlllll.
299 905 444 975 Batauo
468 924 609 976 enorme
639 925 1113 976 anatis-ntaroms—umrt.
1133 905 1240 975 Relatio

125 1007 247 1099 proprie
269 1007 361 1075 oeulis
382 1027 415 1076 ea
438 1016 495 1095 est,
526 1007 614 1074 euius
637 1004 728 1075 ambo
751 1004 874 1075 termini
896 1025 961 1074 non
975 1008 1077 1076 solum
1095 1016 1170 1077 sunt
1183 1028 1237 1078 rea-

122 1109 178 1197 les,
202 1131 256 1178 seu
279 1129 328 1179 res
352 1108 383 1178 in
407 1117 514 1178 natura
544 1106 733 1195 existentes,
755 1109 808 1178 sod
830 1106 922 1178 etiam
945 1107 1059 1197 aliquid
1083 1108 1115 1179 in
1140 1131 1171 1180 se
1192 1111 1237 1179 ba-

121 1210 216 1298 bent,
241 1232 294 1300 per
316 1211 399 1303 quod
422 1211 459 1281 ad
487 1209 671 1280 seinvicem
695 1209 882 1280 reseruntur.
906 1210 1119 1300 Huiusmodi,
1143 1234 1171 1282 e.
1194 1235 1234 1303 g,

123 1322 169 1380 est
191 1313 296 1382 relatio
318 1312 395 1382 inter
409 1334 545 1398 causam,
570 1322 600 1382 et
622 1313 775 1398 ellectum,
801 1314 845 1381 rel
869 1312 948 1382 inter
963 1315 1042 1385 duos
1059 1316 1186 1405 parietes
1199 1316 1235 1383 al·

122 1413 240 1500 bos,ob
262 1413 493 1483 similitudinem
517 1413 674 1482 albedinis.
699 1413 846 1494 Quocirca
869 1426 903 1483 ut
920 1414 1026 1484 relatio
1045 1418 1234 1506 proprieroo·

122 1515 161 1584 lis
183 1516 400 1601 constituatur,
424 1513 480 1584 hae
509 1515 696 1585 conditiones
717 1513 926 1604 assignantur:
953 1517 985 1585 l’
1008 1516 1051 1586 Ut
1074 1519 1170 1608 ipsius
1189 1542 1231 1589 ex-

125 1628 220 1686 treme
245 1616 307 1687 sint
323 1617 425 1698 realia;
442 1637 515 1685 cum
537 1616 620 1685 onim
640 1616 747 1686 relatio
763 1625 825 1684 tota
841 1615 987 1688 consistat
1003 1618 1034 1687 in
1050 1619 1158 1691 ordine
1171 1622 1230 1690 sub·

124 1715 190 1786 iecti
214 1719 252 1787 ad
276 1717 460 1806 terminum,
495 1728 529 1787 ut
554 1718 620 1789 talis
648 1721 726 1788 ordo
747 1730 901 1809 exurgat,
926 1731 1042 1810 oportet
1069 1724 1160 1792 realia
1179 1744 1229 1792 osse

124 1832 271 1888 extrema.
298 1819 342 1899 2⁸,
356 1819 395 1888 Ut
418 1819 496 1888 inter
519 1819 701 1907 subiectum,
732 1831 762 1888 et
785 1819 953 1889 terminum
976 1824 1063 1891 realis
1080 1825 1228 1895 intercedat

126 1921 290 2008 distinctio,
315 1921 451 2012 alioquin
473 1922 549 1991 ordo
571 1921 660 1990 realis
689 1941 745 1989 nec
767 1921 858 1990 etiam
881 1921 1070 2012 haberetur,
1096 1912 1226 2017 siquiden

123 2023 203 2095 idem
226 2026 264 2094 ad
288 2024 420 2113 seipsum
444 2026 556 2093 realem
578 2023 716 2093 ordinem
747 2044 810 2092 non
835 2034 933 2115 potest
957 2025 1080 2096 habore.
1099 2027 1132 2098 3·
1156 2026 1227 2096 lleni·

122 2147 205 2216 que,
230 2137 265 2194 ut
288 2127 368 2194 reale
390 2124 429 2192 sit
453 2125 688 2193 fundamentum
719 2123 751 2193 in
775 2134 905 2214 utroque
927 2138 1092 2210 extremo;
1118 2127 1143 2196 si
1163 2116 1228 2199 enin

122 2229 299 2299 huiusmodi
324 2228 556 2296 fundamentum
585 2227 616 2295 in
639 2236 793 2315 utroque,
819 2229 864 2298 vel
887 2227 919 2296 in
942 2249 1006 2297 uno
1029 2231 1069 2299 ab
1092 2222 1229 2302 intellectu

123 2332 274 2421 penderet,
299 2329 417 2417 relatio,
441 2339 477 2399 ut
507 2350 579 2398 mox
602 2327 752 2417 dicemus,
778 2330 824 2398 rol
846 2331 984 2417 rationis,
1010 2334 1054 2400 rel
1079 2335 1175 2402 notato
1192 2351 1228 2399 es·

125 2444 183 2504 set.
209 2431 327 2502 Relatio
349 2433 489 2517 rationis,
522 2451 575 2500 seu
598 2430 696 2517 lopioa
717 2439 788 2517 est,
812 2452 873 2520 rpua
895 2430 1008 2522 aliquid
1032 2433 1074 2501 ad.
1094 2435 1174 2503 aliud
1192 2452 1228 2515 re·

121 2535 218 2605 fertur
240 2554 302 2603 non
325 2534 490 2603 emundant
512 2535 665 2603 rollonem
687 2533 851 2621 existendi,
868 2536 919 2603 sed
936 2543 1056 2603 tantum
1072 2534 1224 2605 secundun

124 2637 276 2705 rationem
301 2637 488 2725 ioolollipendi
504 2635 528 2724 ²,
561 2656 614 2707 sou
638 2635 775 2706 consistit
801 2659 815 2701 ι
843 2645 964 2706 tantum
986 2637 1018 2705 iu
1035 2637 1229 2733 apprehensio·

122 2758 162 2808 ne
184 2736 311 2806 rationis
333 2735 522 2826 conserentis]
544 2758 643 2805 unum
668 2736 753 2805 alteri
771 2736 781 2774 ³
799 2757 829 2818 n;
847 2757 955 2828 nempe
970 2735 1001 2807 in
1016 2739 1138 2829 ordine,
1155 2750 1230 2831 quen

124 2836 295 2909 intellectus
320 2838 397 2907 inter
420 2846 590 2927 conceptus
607 2857 709 2905 rerum
734 2836 829 2927 ponit,
855 2857 885 2905 e.
910 2860 957 2927 g,
981 2860 1053 2908 oum
1086 2841 1228 2917 notionem

121 2940 360 3031 tomtoto·,poout
375 2943 448 3010 haec
461 2940 590 3030 speeiem
605 2946 819 3030 repraesentat,
836 2940 995 3010 relerimus
1010 2942 1048 3010 ad
1064 2963 1164 3032 genus
1176 2940 1230 3010 oui·

121 3045 197 3130 onol,
223 3045 268 3112 rel
296 3065 310 3107 ι
336 3063 410 3111 oum
432 3041 587 3128 dicimus,
612 3039 690 3109 idem
711 3040 809 3110 eidem
832 3040 940 3124 idem;
966 3061 1048 3129 nom,
1072 3045 1227 3135 secundum

121 3146 204 3237 quod
226 3145 301 3214 ratio
322 3142 521 3236 apprehendit
549 3143 596 3213 bis
618 3141 739 3232 aliquod
757 3165 865 3231 uuum,
882 3142 1000 3225 statuit„
1010 3142 1089 3213 illud
1113 3156 1148 3214 ut
1168 3145 1225 3225 duo;

121 3256 153 3317 ot
174 3246 219 3315 sio
240 3245 437 3338 apprehendit
458 3247 620 3335 quamdam
642 3245 852 3316 habitudinem
881 3243 974 3336 ipsius
988 3245 1027 3313 ad
1043 3246 1176 3338 seipsum
1188 3246 1226 3313 4ι.

122 3345 260 3437 lienique
282 3345 388 3418 relatio
410 3349 511 3416 noielo
538 3357 584 3418 est
606 3367 667 3435 ea,
693 3346 806 3437 inqua
828 3349 905 3418 ordo
928 3347 1022 3416 unius
1045 3348 1083 3415 ad
1106 3347 1183 3417 aliud
1202 3345 1228 3413 in

121 3471 188 3524 uno
210 3456 418 3521 extremorum
441 3447 618 3516 naturaliter
645 3447 812 3538 invenitur,
837 3448 869 3517 in
891 3447 950 3517 alio
965 3449 1003 3517 ab
1019 3446 1173 3519 intellectu
1186 3467 1227 3538 po

122 3553 220 3623 nitur.
244 3552 344 3634 Quare
364 3550 439 3620 haee
465 3546 571 3618 relatio
594 3568 612 3617 a
633 3548 792 3620 nonnullis
815 3548 928 3618 dieitur
942 3549 1047 3640 lopioo,
1063 3550 1136 3641 quia
1152 3551 1181 3620 in
1193 3549 1227 3618 al·

121 3644 239 3723 terutro
262 3650 395 3723 termino
418 3644 496 3720 ordo
518 3649 557 3719 ad
579 3649 675 3721 alium
697 3662 744 3723 est
767 3650 897 3743 logicus
920 3651 960 3720 ab
974 3650 1041 3721 aliis
1055 3653 1156 3740 reolis,
1170 3650 1229 3741 quio

120 3775 202 3827 unus
224 3753 374 3826 terminus
398 3751 487 3849 ineo
510 3749 649 3823 ordinem
677 3753 717 3822 ad
738 3753 834 3824 elium
856 3775 890 3825 re
912 3752 976 3843 ipsa
999 3753 1105 3841 hebet.
1141 3754 1230 3843 ltaque

160 4014 234 4170 ἓξ.
251 4011 335 4172 dion,
354 4099 387 4157 ln
404 4100 455 4158 ttb.
475 4099 599 4175 tuone,
619 4098 688 4158 [list.
709 4097 833 4173 xllvlll,
851 4097 922 4157 dub.
941 4096 970 4157 8.

159 4183 185 4258 ³)
203 4185 232 4244 S.
252 4183 367 4255 Thom„
387 4184 408 4254 l,
429 4201 457 4254 o.
478 4182 603 4257 xxtttu,
622 4199 650 4243 a.
672 4181 686 4240 l
707 4198 733 4242 o.

158 4264 501 4342 bhmfflffinlo
