2760 4770
121 391 263 462 accidens
285 388 481 479 inseparabile
496 387 659 460 discrimen
675 387 746 456 tacit
761 397 791 455 et
806 386 1098 458 dissimilitudinem:
1126 400 1162 457 ut
1176 410 1244 459 cor⁴

120 514 180 560 rus
203 495 242 561 ab
264 495 348 564 olore
370 493 480 579 ditiore,
501 493 585 582 ‹puod
610 491 660 560 bic
684 492 784 579 albus,
811 493 860 560 illc
884 492 971 580 niger
985 491 1037 574 sie·
1062 507 1118 562 nec
1141 503 1243 582 potest

121 595 252 684 nigredo
276 595 395 685 seiungi
417 616 435 664 a
458 614 567 683 corto,
590 613 648 664 uec
671 595 780 664 albedo
804 615 820 661 a
842 614 956 685 cygno.
995 595 1169 665 differentia
1191 599 1243 666 de·

120 698 217 787 nique
238 700 378 770 muuinve
397 698 526 787 propriu
548 708 610 784 est,
628 716 706 785 quae
722 694 825 782 efficit,
849 706 885 764 ut
907 716 955 763 res
979 696 1018 764 ab
1038 697 1106 766 aliis
1128 698 1248 768 differat

123 801 163 869 ob
186 801 319 889 aliiprana
345 792 570 890 proprietatem,
595 818 673 888 quae
697 798 778 866 illius
800 797 962 868 essentiam
986 798 1174 888 ingredituru
1199 801 1246 869 uti

119 904 273 973 rationale
295 902 464 972 differentia
487 911 533 971 est
548 898 690 972 'bominis
713 902 851 970 mraxime
873 902 1025 990 propriu,
1050 901 1120 991 quia
1142 924 1244 973 essem

121 1003 196 1074 tiam
219 997 354 1075 bominis
377 1003 561 1093 ingreditur.
585 1004 666 1074 Haec
694 1003 861 1072 differentia
885 1024 951 1072 reru
967 1003 1094 1073 omnino
1115 1005 1244 1074 eburna

120 1106 230 1176 ceteris
253 1107 334 1195 lauit,
359 1127 423 1176 uon
447 1106 519 1176 item
544 1102 712 1179 differentia
734 1108 922 1194 communis,
945 1117 979 1175 et
999 1109 1141 1195 propriu
1156 1128 1245 1197 ,quaa

123 1219 246 1278 tanturn
267 1229 332 1278 rem
357 1207 437 1294 sibi,
462 1217 516 1276 aut
539 1208 604 1276 aliis
627 1202 836 1293 dissimilem,
861 1228 916 1276 seu
937 1207 1068 1276 alterum
1089 1209 1241 1284 efficiuuti·

125 1333 142 1375 v
162 1311 314 1397 atterum,
331 1309 432 1399 inquit
446 1309 621 1397 sibamas,
640 1311 784 1399 importat
800 1309 1002 1392 diversitatem
1019 1309 1179 1381 accidentis
1192 1313 1242 1386 ἰι

169 1412 222 1479 Xl.
239 1411 471 1483 ‘binrennurn
494 1431 729 1484 consrrrurrvt
745 1446 790 1464 «—
807 1429 967 1481 utvrsrvt.
992 1411 1146 1490 Quaedam
1168 1430 1241 1495 sint

120 1513 251 1583 alicuius
274 1514 395 1606 generis
417 1514 602 1584 differentiae
624 1513 785 1597 divisivae,
808 1512 884 1581 idest
908 1533 960 1600 per
975 1535 1051 1602 quas
1075 1536 1173 1604 genus
1195 1519 1242 1586 dis

118 1615 248 1699 viditur;
272 1617 420 1705 quaedam
444 1616 527 1687 illius
551 1615 670 1704 generis
691 1614 913 1703 constitutivae,
930 1613 1006 1683 idest
1030 1636 1083 1702 per
1096 1638 1174 1706 quas
1189 1642 1242 1709 ge⁴

121 1740 184 1789 nus
207 1720 282 1790 illud
304 1721 515 1791 constituitur:
540 1742 568 1789 e.
595 1733 642 1809 g.,
667 1719 782 1788 animal
805 1717 896 1786 habet
918 1717 974 1785 has
997 1714 1191 1810 differentias,
1209 1746 1243 1792 at

119 1822 288 1912 bimatum,
307 1823 461 1912 sensibile,
487 1823 644 1907 rationale,
662 1821 854 1903 irrationale3
872 1821 924 1890 sed
947 1820 1025 1890 duae
1039 1824 1155 1912 priores
1166 1839 1244 1896 sunt

121 1947 179 2017 per
199 1947 277 2015 quas
300 1926 412 1996 animal
434 1927 660 2012 constituitur,
684 1924 797 1992 animal
826 1923 909 1992 enirn
944 1934 991 1994 est
1019 1925 1188 1997 animatum
1211 1941 1242 1999 et

118 2028 260 2097 sensibile
282 2049 405 2120 corpus;
432 2051 484 2121 per
507 2030 581 2100 alias
604 2028 759 2098 dividitur.
796 2026 878 2096 luter
900 2026 1076 2097 huiusmodi
1099 2030 1242 2102 dilieren·¹

119 2131 179 2198 tias
201 2135 261 2230 boc
281 2131 448 2201 discrimen
471 2132 677 2201 adnotandum
700 2143 758 2220 est,
784 2130 867 2220 quod
889 2130 1077 2200 dinei-ennae
1099 2137 1243 2207 comtum

120 2234 205 2300 tivue
226 2234 346 2322 generis
368 2254 476 2303 omues
493 2233 709 2324 participantur
732 2253 749 2299 a
773 2232 904 2320 singulis
919 2230 1075 2319 speciebus
1090 2233 1173 2304 illius
1188 2258 1242 2326 ge-

122 2335 220 2417 neris3
246 2334 394 2404 clivi-sivae
416 2357 490 2406 vero
512 2358 575 2406 non
598 2357 731 2422 omnes,
761 2335 813 2402 scd
836 2335 954 2422 aliquae
976 2335 1015 2402 ab
1038 2355 1098 2403 uua
1122 2340 1240 2428 specie,

124 2439 248 2527 aliquae
268 2440 306 2506 ab
327 2441 398 2527 alia,
422 2461 452 2509 a.
479 2447 524 2529 g),
550 2438 697 2508 rationale
719 2438 757 2504 sb
778 2435 914 2524 bomine,
932 2437 1103 2508 irrationale
1126 2461 1143 2508 a
1167 2443 1242 2512 bru-

122 2553 169 2624 to,
193 2541 277 2609 unde
299 2542 347 2628 fn,
373 2541 553 2630 nequando
575 2561 674 2608 unum
699 2557 796 2627 genus
817 2540 876 2606 sub
890 2542 988 2608 altero
1005 2539 1141 2629 ponitur,
1167 2542 1241 2614 inle-

123 2646 190 2715 rius
214 2644 499 2733 participetumnes
521 2643 706 2714 differentias
728 2643 935 2712 constitutions
961 2641 1126 2732 superioris
1149 2664 1242 2735 gene-

120 2746 187 2834 ris,
213 2766 275 2816 non
299 2756 402 2815 tamen
425 2732 724 2828 omnes'dtvtstvam
752 2745 795 2812 uti
818 2745 930 2812 animal
956 2743 1112 2833 participat
1126 2765 1242 2825 temnet

119 2848 309 2919 differentias
330 2846 542 2916 emutilvtiuus
564 2843 704 2932 viventis,
722 2845 836 2913 scilicet
851 2864 1044 2934 corporeum,
1061 2846 1243 2939 auimatum,

120 2971 217 3019 unam
241 2959 344 3018 autem
369 2950 545 3032 divisivum,
571 2946 684 3016 scilicet
698 2945 852 3029 sensibile;
868 2947 973 3014 uirens
994 2946 1076 3014 enirn
1101 2949 1244 3020 diuiditur

121 3075 176 3146 per
198 3052 351 3139 sensibile,
375 3062 406 3122 et
428 3048 615 3134 insensibile,
640 3048 751 3117 animal
780 3058 882 3116 autem
904 3059 951 3116 est
974 3045 1126 3120 sensibile.

165 3152 231 3225 Xll.
259 3152 639 3225 Diruere-tunnensis.
674 3151 706 3220 l⁰
731 3152 850 3233 llv‘recte
872 3149 1041 3219 intenditur
1063 3171 1081 3218 a
1104 3150 1241 3246 scientia,

121 3260 167 3328 rel
184 3257 223 3326 ab
237 3257 355 3325 actione
377 3256 477 3344 aliqua
501 3255 590 3340 illud,
607 3255 689 3344 quod
704 3255 804 3343 primo
819 3264 849 3322 et
866 3273 919 3342 per
934 3274 975 3341 sc,
993 3273 1048 3321 seu
1063 3254 1179 3325 ratione
1195 3257 1243 3326 sui

121 3369 285 3452 spectatur.
311 3359 475 3446 indirecte,
491 3358 576 3444 illud,
591 3360 674 3446 tpuod
698 3367 816 3425 tantum
835 3357 951 3425 ratione
966 3355 1102 3445 alterius,
1116 3368 1146 3426 et
1167 3382 1244 3448 qua-

122 3461 149 3530 si
172 3482 229 3552 per
251 3460 398 3530 occidens.
425 3460 475 3529 Sic
497 3458 662 3549 lbeclcgia
686 3461 798 3529 directe
820 3459 884 3548 agit
907 3460 944 3528 de
960 3457 1039 3539 lle0;
1063 3459 1100 3529 de
1123 3473 1243 3546 creatu

124 3562 164 3631 ris
185 3584 259 3632 vero
284 3563 442 3650 indirecte,
455 3569 604 3651 quatenus
631 3563 669 3630 ad
691 3560 788 3629 Deum
812 3560 999 3630 reseruntur.
1017 3559 1066 3628 Sic
1081 3562 1174 3630 etiarn
1188 3568 1243 3656 qui

125 3665 272 3737 violentas
295 3685 406 3734 manus
430 3663 486 3734 sibi
511 3663 616 3750 infert,
641 3664 764 3745 directe
788 3662 842 3752 qui
866 3671 967 3730 autem
985 3683 1017 3732 se
1034 3683 1120 3732 mero
1135 3665 1243 3755 iugur

124 3768 214 3858 gitat,
237 3769 386 3838 indirecte
408 3776 453 3835 est
475 3787 566 3837 causa
590 3788 668 3837 suae
682 3767 801 3836 mortis.
819 3765 997 3846 Quinimmo
1013 3775 1112 3856 potest
1134 3769 1246 3859 aliquis

121 3871 251 3942 effeetus
273 3871 421 3940 indirecte
444 3870 606 3958 procedere
627 3847 812 3960 abaliquo
838 3890 882 3938 ex
906 3866 997 3938 hcc
989 3887 1054 3956 rpso
1076 3870 1158 3956 quod
1181 3870 1245 3946 nob

122 3974 202 4065 agit.
229 3973 272 4044 lta
295 3971 469 4043 submersio
493 3972 580 4056 navis
602 3971 714 4042 dicitur
742 3973 886 4041 indirecte
909 3970 1070 4061 procedere
1092 3993 1110 4038 a
1133 3973 1245 4063 guber,

123 4088 246 4165 nature,
263 4085 414 4165 quatenus
436 4073 585 4144 desistit-a
602 4076 815 4164 gubernando.
834 4073 894 4144 Ubi
910 4073 1098 4145 mouendum
1114 4086 1160 4143 est
1174 4096 1246 4147 cum

160 4288 184 4360 ¹)
207 4284 234 4358 δ,
255 4301 283 4356 q.
305 4282 389 4357 xvn,
409 4298 436 4340 a.
459 4281 472 4337 l
493 4283 529 4340 ud
547 4280 575 4338 7.
653 4289 656 4294 ·

560 4454 573 4485 θ
