2760 4770
128 392 315 485 importatur
335 391 484 481 quaedam
518 389 629 460 divisio
649 387 798 478 subiecti,
834 398 867 458 et
893 389 1131 480 multiplicatio
1151 389 1230 459 nun

125 506 352 578 contentorum.
378 495 466 565 Unde
487 493 656 583 incongrue
677 493 798 565 additur
819 494 878 582 bis,
897 493 967 562 sub
989 491 1116 582 quibus
1137 502 1231 561 nouat

127 597 262 686 occipere
283 599 419 686 aliquam
442 595 671 665 multitudinem
692 596 948 686 suppositorum,
976 607 1017 665 ut
1043 593 1178 665 terminis
1194 594 1229 663 sin

127 699 314 788 gularibus¹
342 724 373 768 r.
399 697 501 787 ipsum
523 708 654 785 autem,
678 709 714 766 ut
735 699 824 768 doeet
846 698 935 767 idem
956 698 1118 788 Aquinas,
1145 699 1232 767 «atu

125 802 249 873 cuilibet
272 802 351 892 parti
372 802 541 872 secundum
567 812 661 870 totam
684 823 772 872 suam
785 801 961 873 essentiam
985 813 1022 874 et
1047 803 1198 885 virtutem,
1214 808 1236 865 ut·

128 905 241 976 animal
264 904 402 993 bomini,
426 913 458 973 et
478 924 571 993 equo,
593 914 625 973 et
647 903 715 974 idco
739 903 858 994 proprie
880 905 925 974 de
950 905 1097 994 singulis
1120 901 1234 992 praedia

126 1019 177 1078 tur
193 1008 241 1076 ²».
272 1010 380 1079 Tolum
401 1006 576 1096 physicum,
601 1010 684 1097 quod
707 1009 827 1097 proprie
854 1006 979 1077 dicitur
1002 1015 1123 1096 totum,
1146 1001 1235 1075 estal-

125 1109 200 1201 quid
224 1109 389 1202 singulare,
412 1110 497 1199 quod
520 1129 558 1177 eu
582 1108 719 1197 partibus
741 1107 814 1198 ipsis
835 1109 992 1179 coalescit
1007 1110 1038 1178 ³.

169 1211 251 1284 lllX.
274 1213 388 1285 l'oruu
412 1227 868 1282 resonamus-ussonrmnu.
893 1211 1017 1281 Tutum
1037 1211 1194 1283 essentiale
1208 1217 1238 1279 ut

125 1313 276 1406 quidquid
299 1323 418 1385 constet
440 1334 480 1383 ex
502 1333 615 1401 genere
636 1323 667 1381 et
681 1311 861 1382 differentia.
878 1312 926 1381 lle
943 1315 1021 1384 boc·
1037 1326 1110 1384 toto
1133 1313 1239 1403 loquitu

126 1439 154 1487 s.
177 1417 323 1505 Thomas,
347 1416 401 1486 ubi
423 1417 475 1490 ait:
504 1437 519 1480 ‹
546 1414 603 1485 Est
623 1412 714 1485 etiam
736 1415 891 1504 quoddam
916 1425 1057 1505 totum,
1084 1419 1168 1506 qued
1187 1413 1238 1485 tit·

126 1520 211 1589 ditur
233 1521 266 1589 in
289 1530 387 1610 partes
410 1518 547 1606 rationis,
570 1530 601 1587 et
624 1519 783 1607 essentiae,
797 1518 881 1588 sieut
902 1518 1091 1591 dilliuitum
1106 1520 1147 1589 in
1169 1529 1241 1608 pano

125 1622 317 1693 diffinitionis
331 1623 381 1694 ⁴».
413 1623 522 1693 Tolum
540 1623 704 1712 polcnttulc
724 1633 782 1712 est,
805 1623 891 1714 quod
918 1622 1089 1694 dividitur
1111 1627 1147 1695 in
1166 1629 1241 1714 pudo

127 1727 251 1797 uirtutis
267 1728 295 1815 ⁵,
318 1738 424 1817 estque
446 1724 559 1797 ideirco
581 1725 740 1815 quodlibet
770 1747 836 1812 cns,
860 1724 911 1795 cui
951 1727 1068 1816 plures
1094 1726 1241 1816 potentiae,

127 1848 182 1898 scu
205 1830 361 1899 facultates
384 1828 511 1914 insunt,
548 1838 622 1918 puta
644 1828 744 1898 anima
778 1827 920 1899 bominis.
961 1829 1034 1898 Hoe
1073 1840 1174 1898 totum
1194 1846 1243 1896 tou

131 1953 146 1996 ‹
173 1930 257 2001 adest
279 1931 410 2021 singulis
433 1929 570 2021 partibus
593 1933 761 2001 secundum
785 1941 880 2004 totam
896 1953 993 2002 suam
1009 1935 1190 2018 essentiam,
1209 1931 1244 1998 sel

129 2051 194 2102 non
216 2033 385 2102 secundum
407 2042 505 2101 totam
541 2032 697 2103 virtutem.
733 2033 773 2102 Et
795 2032 863 2103 ideo
897 2037 1148 2122 quodammode
1169 2043 1245 2124 potest

129 2132 294 2223 praedicari
316 2135 354 2202 de
373 2134 507 2224 qualibet
529 2146 625 2224 parte,
649 2138 702 2206 sed
725 2157 789 2204 non
810 2135 852 2204 ita
874 2136 1027 2225 proprie,
1056 2139 1145 2209 siout
1167 2149 1245 2206 totum

125 2233 308 2305 universale.
333 2234 373 2303 Et
396 2255 449 2325 per
472 2236 555 2306 bunc
569 2239 698 2307 modum
713 2235 907 2326 Augustinus
921 2237 1012 2328 dicit,
1030 2241 1125 2330 quod
1149 2260 1246 2311 meno

126 2336 184 2425 ria,
207 2345 238 2405 et
262 2336 401 2408 voluntas
423 2349 497 2406 sunt
519 2360 581 2408 una
602 2340 722 2408 animae
743 2338 874 2409 essentia
890 2340 916 2410 ⁶.

171 2437 239 2510 llll.
269 2438 384 2512 Toruu
407 2459 894 2516 innuuntur-somniandum
925 2440 1012 2513 Sunt
1036 2445 1126 2516 duae
1149 2446 1246 2536 specio
1279 2440 1281 2447 '

129 2540 224 2612 totius
246 2541 378 2631 physici.
394 2541 507 2613 'lotum
529 2545 689 2634 inthrule,
708 2546 793 2635 quod
814 2545 905 2616 etiam
927 2550 1183 2636 commutationum
1201 2545 1246 2618 diei

128 2646 215 2731 solet,
239 2655 286 2714 est
310 2643 408 2729 illud,
432 2646 516 2735 quod
538 2647 630 2717 babet
653 2656 754 2736 partos
775 2657 860 2718 extra
888 2657 1014 2739 partes,
1041 2675 1183 2742 quarum
1201 2651 1247 2720 alia

128 2745 169 2815 ab
189 2744 248 2815 alia¹
270 2744 400 2834 separari
426 2756 536 2836 potest.
560 2747 744 2818 Huiusmodi
766 2759 813 2819 est
838 2749 997 2840 quodlibet
1021 2771 1146 2846 cerpus
1167 2751 1247 2826 conti

127 2870 241 2940 nuum,
264 2854 348 2941 quod
370 2851 463 2923 babet
486 2863 583 2940 partes
605 2853 776 2926 materiales
792 2854 905 2925 unitas.
929 2854 999 2926 lloe
1023 2868 1134 2928 totum
1160 2859 1251 2928 euon'

130 2960 178 3022 est
199 2953 232 3023 in
254 2952 390 3042 qualibet
412 2964 508 3044 parte,
532 2973 632 3042 neque
654 2955 823 3024 secumum
840 2965 934 3025 totam
948 2959 1140 3047 essentiam,
1163 2964 1247 3050 neque

127 3053 299 3124 seeundum
322 3064 420 3124 totam
441 3054 599 3127 virtutem.
618 3055 657 3123 tt
671 3055 739 3125 ideo
753 3057 841 3126 nullo
856 3055 949 3127 modo
962 3057 1005 3126 de
1028 3059 1168 3152 singulis
1189 3083 1245 3154 par·

127 3155 211 3227 tibus
233 3156 434 3244 praedicatum
459 3158 513 3227 sed
536 3157 639 3248 aliquo
661 3161 765 3249 mode,
790 3162 862 3230 licet
882 3160 1069 3255 improprie,
1096 3169 1138 3238 de
1159 3169 1246 3239 omoi-

126 3255 186 3324 bus
207 3256 311 3340 simul3
337 3267 372 3326 ut
393 3257 419 3327 si
433 3257 571 3332 dicamus
585 3262 666 3352 quod
682 3263 789 3352 paries,
806 3273 934 3354 tectum,
957 3275 990 3333 et
1013 3266 1244 3355 fundamentum

126 3357 190 3428 siut
211 3359 323 3432 domus
338 3360 387 3432 ⁷».
421 3359 534 3432 'lotum
568 3364 764 3437 uastantuto
795 3376 845 3438 est
864 3365 1025 3456 quodlibet
1048 3374 1245 3465 compositum

127 3480 165 3534 ex
187 3461 314 3536 materia
336 3473 368 3534 et
388 3461 500 3536 forma.

136 3719 148 3733 .,
167 3677 242 3749 ι)1ιι
260 3677 311 3739 lib.
329 3679 341 3738 l
359 3681 455 3754 Sunt,
470 3681 540 3742 but.
558 3681 635 3759 Xxl,
655 3701 685 3758 q.
703 3685 738 3760 ll,
756 3699 787 3743 u.
806 3682 821 3742 t
840 3682 889 3744 ad.
909 3682 937 3744 l.
1057 3717 1061 3728 ·

164 3764 189 3840 π)
206 3765 230 3838 1,
247 3782 276 3839 q.
294 3765 427 3841 lxxvu,
446 3783 475 3827 a.
496 3764 511 3824 t
529 3768 567 3826 aa
586 3768 613 3829 t.

166 3847 190 3920 3)
210 3866 224 3907 ι
243 3849 322 3911 luter
339 3867 429 3913 omno
446 3859 476 3912 et
494 3861 586 3913 totum
605 3855 661 3913 boe
679 3853 811 3929 interest,
838 3854 917 3930 quod
933 3852 1025 3914 oraine
1042 3845 1244 3920 uomermittte

127 3944 252 4008 constan
271 3947 363 3997 totum
380 3949 479 3998 autem
497 3941 533 3996 ad
555 3949 652 4014 partes
669 3940 797 4000 refertur
814 3954 845 4016 ¹3
862 3955 888 4000 s.
905 3940 987 4015 told,
1008 3942 1055 4004 Do
1072 3938 1241 4018 miserendis

129 4019 300 4095 wiotum,
317 4021 369 4079 lib.
388 4022 412 4096 l,
429 4038 460 4081 u.
477 4020 544 4080 206.
1167 4030 1171 4035 ’

164 4107 190 4178 4)
209 4104 232 4178 Ι,
248 4122 278 4180 q.
297 4105 420 4180 Lxxvt,
438 4119 468 4164 a.
486 4108 507 4167 8
524 4120 551 4165 o.
565 4135 601 4154 -
613 4107 638 4179 5)
656 4106 735 4168 totu.

163 4193 189 4264 θ)
206 4192 230 4264 Ι,
248 4208 278 4265 q.
296 4188 431 4263 ΙιΧΧἯΙ,
449 4206 478 4248 a.
500 4192 512 4248 l
533 4193 570 4249 ad
590 4189 618 4249 1.

161 4279 186 4351 η
203 4277 283 4342 leid.
302 4276 338 4337 ct
356 4277 480 4353 quaeda
491 4277 614 4343 brettis
625 4279 777 4356 speciebus
788 4276 1070 4359 ptnlumdixinui·
1076 4304 1108 4365 p.
1120 4276 1243 4352 utilit.
