2744 4770
579 338 626 356 -
651 302 672 369 t>
694 342 738 355 -
1105 304 1171 374 ν275

101 414 192 486 leant
215 418 256 486 ab
277 439 395 510 organo
416 438 585 510 corporeo,
611 419 747 509 sequitur
773 429 807 486 ut
833 417 1002 489 intellectus
1025 432 1055 489 et
1080 424 1220 491 voluntas

101 518 159 590 sint
184 520 215 589 in
240 524 303 591 sola
326 522 439 611 anima,
463 523 541 593 sicut
568 524 600 592 in
619 522 769 610 subiecto,
786 542 847 590 non
872 523 903 590 in
919 526 1083 592 coniuncto
1101 524 1122 590 ¹.
1148 523 1219 591 Pot-

101 632 145 691 est
166 623 260 692 etiarn
288 644 342 714 per
365 626 423 695 boc
437 625 562 694 cilaturn
580 622 756 713 significari,
777 622 940 713 potentiam
962 634 993 692 et
1015 635 1117 694 actum
1141 624 1220 693 circa

101 723 179 792 idern
202 725 357 796 obiectum
373 726 497 798 crassari:
517 730 563 797 rel
579 725 863 817 etiampotcntiarn,
880 738 910 795 et
934 736 1036 795 actum
1059 746 1123 795 esse
1138 725 1220 793 eius·

101 825 170 896 lem
186 828 319 918 generis,
344 841 380 900 ut
402 829 462 898 iarn
477 831 546 899 alibi
562 831 755 919 explanatum
771 840 816 899 est
833 828 856 895 ².

141 926 182 999 X.
210 928 373 1002 Pornnrtu
396 953 460 1004 uon
486 953 607 1002 rorssr
624 952 719 1002 suant
738 952 842 1002 arnna
859 951 1079 1003 rnrtruomsnr
1097 951 1147 1001 sur
1164 954 1220 1003 on-

101 1048 187 1101 urcrr
212 1032 237 1101 ³.

143 1130 198 1202 lll.
224 1133 388 1207 Pornnrtu
414 1156 537 1208 aorusn
562 1157 788 1211 nuruastrrea
811 1158 906 1208 aanor
922 1158 954 1207 m
972 1158 1003 1208 m
1020 1158 1118 1223 otrus,
1135 1156 1220 1217 oron

102 1253 310 1309 constanrun
333 1259 393 1311 sun
416 1258 488 1310 erus
514 1259 654 1310 rontnur
678 1261 828 1312 cornero.
854 1240 978 1332 Nempe,
996 1240 1163 1313 duinmodo
1186 1240 1222 1308 il-

103 1336 167 1426 lud,
192 1340 276 1428 quod
300 1342 360 1410 sub
380 1341 556 1412 huiusmodi
580 1343 698 1412 obiecto
726 1343 926 1430 continetur,
952 1341 992 1414 sit
1016 1342 1222 1434 proportiona-

103 1448 170 1508 tum
194 1442 345 1529 potentiae
367 1445 391 1515 ⁴.
420 1444 501 1515 Deus
524 1442 608 1513 enirn
631 1446 710 1513 clare
733 1444 827 1532 uisus,
844 1443 914 1514 licet
928 1444 1120 1514 contineatur
1145 1446 1224 1523 intra

105 1542 258 1613 obiectum
280 1545 407 1618 formale
430 1547 598 1618 intellectus
620 1545 760 1635 humani,
783 1546 865 1636 quod
888 1556 935 1616 est
957 1566 1040 1634 ens,
1066 1558 1156 1635 orout
1179 1556 1225 1617 est

105 1641 308 1735 intelligibile,¹
331 1669 394 1718 non
417 1651 592 1720 continetur
616 1661 716 1719 tamen
740 1649 798 1720 sub
820 1651 886 1719 cius
903 1648 1019 1720 obiecto
1034 1648 1227 1719 cotartoluroli

105 1751 385 1838 umoporliouulo
408 1753 434 1836 ⁵,
458 1753 540 1844 quotl
562 1765 608 1822 est
630 1775 684 1823 ens
709 1751 898 1841 intelligibile
923 1772 976 1842 per
991 1752 1224 1822 conversionem

108 1848 142 1917 at
163 1849 386 1938 plrantasmata3
405 1852 533 1942 ideoque
548 1853 718 1924 intellectus
743 1865 846 1924 noster
868 1862 903 1921 ul
925 1852 1021 1922 rideat
1045 1852 1154 1938 Deum,
1180 1853 1224 1921 uti

110 1961 152 2020 ot
173 1952 208 2021 in
230 1973 289 2039 se,
313 1955 402 2024 debet
432 1955 539 2025 elevari
561 1979 579 2026 a
598 1959 665 2028 'beo
680 2011 688 2045 ,
705 1969 735 2027 et
760 1978 813 2048 per
835 1958 940 2026 ltrmen
963 1957 1078 2045 gloriae
1102 1956 1224 2024 consor·

112 2051 176 2121 tari:
196 2054 339 2126 «Divina
362 2058 529 2128 substantia
543 2082 608 2130 non
624 2060 667 2131 sic
682 2070 729 2130 est
750 2070 837 2128 extra
860 2060 1032 2128 facultatem
1056 2058 1226 2128 intellectus

113 2152 212 2240 creati,
235 2157 324 2244 quasi
346 2158 460 2249 aliquid
483 2162 799 2230 omniuoextraneum
817 2158 947 2249 abipso,
964 2158 1042 2227 siout
1065 2169 1111 2230 cst
1133 2178 1228 2231 sonus

114 2254 230 2343 enisu,
257 2258 305 2326 tel
327 2260 496 2331 substantia
521 2261 727 2333 immaterialis
755 2280 915 2343 asensu;
940 2282 1012 2330 narn
1038 2259 1099 2350 ipsa
1124 2260 1229 2331 Divina

114 2356 278 2428 abstantia
301 2371 346 2428 est
369 2363 503 2450 primum
527 2362 737 2453 intelligibile,
768 2373 798 2431 et
826 2361 921 2431 totius
944 2362 1157 2432 intellectualis
1179 2383 1231 2431 co-

115 2458 261 2547 guirionis
283 2464 478 2554 principium
497 2466 548 2535 sed
567 2475 614 2537 est
636 2477 718 2535 extra
742 2464 915 2534 facultatem
931 2465 1101 2533 intellectus
1124 2462 1228 2550 creati,

116 2558 190 2629 deut
213 2564 363 2632 excedens
384 2560 529 2635 virtulem
552 2567 644 2654 eius,
675 2567 754 2637 sicut
776 2564 950 2635 excellentia
985 2563 1135 2632 sensibilia
1159 2573 1232 2632 sunt

116 2674 196 2733 ostra
219 2663 394 2736 tacuttatem
417 2688 580 2739 sensuum:
612 2669 729 2758 indiget
752 2669 849 2759 igitur
871 2667 1036 2738 conluctari
1062 2666 1232 2735 intellectus

117 2778 233 2834 ecatus
254 2766 357 2857 aliquo
379 2769 489 2837 Divino
510 2769 627 2840 lumine
656 2772 694 2838 acl
717 2771 774 2840 boc
796 2770 880 2860 quod
903 2769 1041 2838 Divinam
1065 2766 1230 2840 essentiam

120 2866 220 2939 videre
242 2871 339 2959 possit
360 2874 373 2912 ⁶
400 2896 428 2941 a.

143 2968 207 3037 lln
227 2972 386 3060 quomodo
409 2973 496 3042 nullo
518 2974 642 3063 negotio
664 2975 714 3042 illa
727 2969 1014 3060 exsufflaturjratio,
1038 2990 1097 3061 qua
1121 2972 1230 3057 Deum,

120 3069 230 3160 quippe
251 3072 304 3162 qni
327 3074 460 3144 maxime
483 3078 671 3168 intelligibils
692 3088 750 3165 est,
774 3086 909 3147 amente
930 3086 1031 3144 nostra
1056 3075 1233 3143 naturaliter

122 3170 213 3241 villeri
235 3176 276 3243 ab
295 3175 455 3268 Ontologis
478 3180 616 3249 infertur.

162 3274 426 3369 Xll.l‘ornnr1n‚
443 3300 527 3359 oute
544 3303 608 3353 uon
624 3300 798 3352 nnorotrua
812 3299 844 3349 nt
857 3298 1045 3365 seruum
1057 3280 1236 3350 rnusrusl.

164 3378 248 3450 Xlll.
274 3380 459 3473 lornant,
484 3405 570 3464 oure
593 3406 658 3456 nos
681 3404 804 3457 rornsr
830 3402 940 3454 anoror
964 3402 996 3451 m
1021 3402 1152 3467 norun,
1178 3401 1238 3454 sss

125 3502 270 3553 mussan
295 3484 322 3553 ³.

167 3583 248 3653 lllll.
273 3582 702 3679 retransmisimus
728 3610 834 3674 natue,
860 3607 983 3659 rornsr
1000 3607 1048 3656 nr
1073 3605 1170 3656 uirus
1187 3585 1211 3649 ⁹.

167 3686 235 3753 xv.
259 3687 423 3763 Percurre
446 3712 509 3771 ouo
532 3715 734 3764 pensaurien
757 3714 830 3777 nsr,
856 3708 898 3759 ao
920 3708 1157 3759 unrvunsamus
1181 3708 1237 3755 m-

124 3808 187 3859 ann
210 3808 385 3864 orreorum
414 3815 428 3857 c
454 3793 597 3881 Quanto,
623 3793 723 3885 inquit
746 3814 773 3860 s.
798 3792 958 3875 Thomas,
982 3790 1081 3877 alium
1107 3788 1240 3876 potentia

160 3952 188 4021 Ι)
207 3952 231 4024 i,
249 3972 278 4027 q.
298 3954 433 4030 bxxm,
451 3973 480 4014 a.
498 3957 517 4014 tt
536 3960 628 4030 o.-²)
644 3960 707 4016 Viti.
728 3974 755 4027 o.
776 3954 822 4013 36.

159 4038 185 4109 ⁸)
203 4040 269 4096 vid.
288 4057 316 4111 p.
335 4041 529 4114 mmm-⁴)
549 4046 612 4101 vid.
632 4061 660 4114 o.
679 4044 745 4115 225,
759 4053 788 4099 ot
807 4037 979 4112 amm.

158 4125 184 4191 ⁵)
203 4124 343 4195 thim-tt
363 4127 463 4185 contr.
486 4127 584 4199 Genu,
605 4128 653 4183 lib.
673 4129 720 4200 lli,
738 4143 765 4183 c.
785 4125 833 4182 54.

161 4209 190 4279 ⁷)
207 4207 272 4266 Vid.
291 4226 319 4279 p.
341 4208 467 4285 liz-³)
486 4215 549 4271 vid.
571 4229 598 4284 p.
621 4211 685 4269 143.

159 4292 188 4365 ⁸)
210 4290 272 4353 vicl.
295 4295 350 4369 Qut
363 4309 460 4369 potest
477 4302 585 4373 maius,
602 4310 699 4371 pateat
716 4309 744 4360 et
762 4297 870 4369 minus,
889 4295 946 4355 litt.
968 4294 1000 4367 Q.

989 4382 1137 4464 A..
