2760 4770
129 144 140 177 Ι

186 244 231 315 tlt
620 282 664 299 -
686 245 709 318 C
731 279 776 303 -··

137 373 237 450 potest
258 360 290 431 in
315 359 463 450 plurimos
489 360 631 444 ellectum
657 361 796 432 similiter
818 360 930 450 aliquid
954 363 991 432 de
1014 383 1108 432 eausa
1133 363 1264 453 partious

136 463 211 550 lari,
237 465 308 553 quia
333 463 503 543 immediate
524 474 555 534 et
577 464 763 534 sufficienter
786 477 888 554 potest¹
912 465 943 534 in
966 467 1109 534 effectum
1133 465 1262 553 queruli·-

135 565 187 634 bet
201 567 211 606 ¹
227 593 257 636 a.
271 568 367 638 Cuius
386 568 465 638 ratio
479 589 551 640 eum
567 568 673 637 eodem
696 580 819 640 sauctus
836 569 963 639 doctore
987 569 1028 637 ita
1043 569 1127 639 reddi
1152 578 1259 658 potest·

142 695 156 735 ι
177 671 356 762 Dicendum,
378 675 461 763 quod
482 695 573 744 eausa
590 671 779 758 universalis,
797 696 875 762 quae
891 695 954 742 non
975 684 1021 740 εει
1037 683 1125 741 aetus
1150 693 1261 763 purus,

135 775 256 864 indiget
276 778 448 848 actualitate
470 799 577 848 causae
599 777 798 866 particularis,
824 779 874 847 sed
899 779 961 865 illa,
977 798 1055 866 quae
1070 788 1117 846 est
1132 776 1262 846 omnino

134 888 231 962 actus,
255 879 346 948 simul
369 881 460 950 habet
483 881 514 950 in
538 902 570 950 εε
593 880 741 949 tutionem
768 880 945 949 universalis
967 901 1086 966 causae,
1110 891 1143 947 et
1169 877 1261 968 parti-

137 982 261 1068 cularis,
277 982 349 1071 quia
372 982 462 1053 simul
487 981 586 1069 habet
601 980 794 1069 prirnitatem,
811 993 842 1052 et
865 981 1081 1062 actualitatem
1108 980 1179 1048 ideo
1197 988 1261 1067 pot-

134 1093 180 1149 est
205 1081 235 1149 in
269 1085 388 1165 multa,
428 1095 459 1153 et
483 1081 651 1151 secundum
676 1093 773 1151 tutum
803 1092 901 1173 potest
925 1083 956 1150 in
991 1080 1075 1148 illa²
1104 1105 1134 1152 a.
1175 1080 1260 1148 Unde

134 1183 215 1255 neus
242 1207 256 1250 ι
275 1196 322 1255 εει
343 1207 432 1257 causa
456 1189 553 1278 primu
575 1197 606 1254 ει
628 1185 881 1255 universalissima
897 1198 928 1256 et
944 1183 1152 1254 actualissima
1167 1185 1259 1255 3».-

135 1287 242 1356 Coum
264 1289 391 1377 plcpst‘eu
411 1302 479 1376 εει,
515 1289 669 1378 quae'per
691 1309 723 1357 εε
750 1289 941 1375 immediate,
965 1299 1019 1356 aut
1051 1287 1169 1355 virtute
1191 1309 1208 1354 a
1230 1307 1260 1356 sc

135 1390 245 1458 ‹litlusa
268 1393 419 1461 actionem
444 1393 563 1481 proprie
583 1393 697 1473 efficit;
722 1415 750 1462 e.
777 1414 825 1480 ς,
851 1390 950 1481 isqui
975 1389 1136 1458 lronrinem
1161 1388 1258 1477 gladio

136 1491 267 1579 perimit:
294 1496 421 1563 dlorulis
442 1507 511 1583 εει,
536 1515 614 1584 quae
636 1515 759 1565 eausam
784 1495 936 1586 physicam
959 1493 996 1560 ud
1023 1492 1169 1560 ellectum
1196 1512 1259 1581 pru·

138 1599 313 1669 ducendum
336 1599 466 1686 excitat,
491 1620 519 1668 e.
545 1621 592 1686 gu,
619 1599 667 1683 is,
691 1600 744 1688 qui
768 1600 898 1687 aliquem
923 1596 952 1665 vi
976 1595 1121 1685 pecnnia'e
1144 1594 1256 1679 allicit,

136 1712 172 1767 ut
195 1723 287 1769 suum
312 1701 472 1770 inimicum
496 1702 622 1788 occidat,
639 1714 685 1770 est
700 1723 789 1770 eausa
806 1701 931 1768 rueretis
946 1698 1039 1766 huius
1054 1694 1219 1765 occisionis
1232 1696 1255 1763 ⁴.

135 1803 180 1870 nd
204 1824 309 1872 causas
337 1808 468 1874 morales
497 1806 591 1894 redigi
616 1821 741 1892 possunt.
774 1825 881 1872 cernue
902 1798 1112 1882 oecmiauules,
1151 1797 1256 1886 quippe

133 1925 209 1992 quae
233 1906 413 1993 allicienda,
439 1908 486 1975 vel
516 1907 668 1975 movendo
695 1903 899 1974 determinant
932 1923 1055 1971 eausam
1078 1899 1116 1968 ad
1141 1909 1255 1968 certum

133 2007 275 2076 ellectum
298 2010 563 2099 producendum-
579 2000 679 2079 Consu
701 2011 870 2097 utlneqnutu
898 2005 1008 2075 dieitur
1030 2026 1078 2091 ea,
1101 2022 1185 2091 qnae
1199 2003 1256 2068 sela

134 2109 166 2176 in
191 2131 300 2198 genere
323 2135 381 2182 suo
406 2121 503 2181 totum
527 2113 667 2180 clientum
700 2109 848 2202 producit,
879 2118 914 2177 ut
936 2108 982 2177 sol
1005 2114 1146 2193 respectu
1171 2102 1253 2171 lueis:

134 2211 351 2302 Iaudueqnulu,
376 2235 453 2302 quae
483 2213 546 2282 sine
568 2215 693 2282 alterius
716 2214 871 2282 consortio
899 2220 999 2279 totum
1022 2209 1167 2276 ellectum
1193 2225 1255 2293 pro·

134 2311 245 2381 ducere
269 2335 332 2383 non
356 2317 442 2400 valet,
468 2317 511 2384 uti
535 2317 647 2406 singuli
669 2300 744 2404 ¹equi
767 2336 893 2384 currum
919 2315 1080 2380 trahentes:
1112 2330 1128 2374 e
1156 2308 1256 2377 Virtus

134 2413 272 2483 absoluta
295 2438 359 2487 non
383 2431 428 2487 εει
451 2421 601 2509 complete
632 2419 662 2487 in
685 2419 822 2508 quolibet
836 2425 1091 2505 congregatorum
1107 2412 1148 2479 ad
1166 2433 1253 2479 uuam

133 2519 304 2607 actionem,
329 2544 420 2611 quam
445 2524 549 2592 nullus
573 2545 625 2612 per
648 2546 679 2592 se
714 2524 856 2612 perficere
890 2530 1010 2608 potest,
1047 2518 1128 2586 sieut
1152 2529 1198 2588 est
1221 2519 1254 2582 de

133 2628 230 2688 tractu
254 2623 351 2704 navis;
376 2627 428 2695 sed
449 2638 496 2695 est
518 2628 550 2696 in
573 2629 717 2696 omnibus
740 2626 842 2709 simul,
869 2625 1074 2711 inquantum
1098 2629 1252 2688 suntom·

132 2741 186 2788 nes
210 2723 278 2792 loeo
299 2726 392 2792 unius
420 2729 537 2815 agentis
561 2727 774 2799 ⁵».-Cuuso
794 2727 941 2816 proeium
962 2733 1018 2809 est,
1042 2742 1122 2809 (puae
1147 2721 1251 2789 imme-

134 2822 226 2909 diate,
251 2835 369 2895 remote
391 2851 469 2918 quae
493 2830 645 2916 mediate,
670 2843 700 2899 et
724 2833 807 2900 velut
830 2828 971 2897 radicitus
992 2826 1138 2894 ellectum
1163 2824 1254 2893 attin-

132 2923 199 3012 git,
223 2947 251 2996 e.
279 2950 323 3017 ς,
349 2928 568 3002 immoderatus
595 2935 677 3002 calor
700 2932 798 3001 cordis
820 2941 866 2999 εει
889 2951 981 2999 currat
998 2928 1173 3018 proximu,
1198 2948 1250 2997 nu·

130 3039 230 3097 centes
253 3030 397 3101 lrurnores
418 3046 492 3103 sunt
516 3057 608 3104 ceusu
623 3042 741 3102 retractu
756 3031 939 3101 turbationis
964 3033 1080 3120 pulsus.
1107 3029 1252 3118 Aliquam

131 3127 172 3196 do
193 3151 283 3198 eausa
304 3135 450 3220 prouoluta
478 3135 656 3205 norninatur
670 3136 809 3222 seeundo,
826 3141 853 3201 ει
874 3139 993 3202 remoto
1004 3131 1125 3221 prinam
1147 3151 1250 3218 quem·

132 3230 300 3300 admodum
324 3233 424 3303 videre
446 3234 516 3304 lieet
533 3236 570 3303 -in
594 3236 642 3304 lris
674 3258 702 3305 s.
727 3236 863 3305 Thomae
887 3234 994 3302 cerlis:
1024 3255 1038 3296 u
1066 3231 1203 3300 Effectus
1224 3251 1251 3296 u-

131 3329 242 3401 lieuius
276 3334 390 3422 primae
423 3359 531 3411 causae
553 3350 599 3407 est
621 3339 802 3428 contingens
838 3348 960 3428 propter
985 3356 1111 3405 causam
1146 3357 1251 3405 seeun-

128 3432 224 3524 dam,
249 3458 287 3506 ex
308 3459 346 3508 eo
367 3440 449 3530 quod
475 3441 639 3531 impeditur
667 3441 794 3512 effeetus
827 3459 935 3510 causae
958 3437 1074 3530 primae
1096 3459 1152 3529 per
1173 3438 1250 3509 dese

165 3653 190 3722 Ι)
208 3654 237 3711 lu
253 3656 305 3715 lib.
326 3657 339 3713 l
358 3658 449 3732 Sena,
470 3660 538 3718 Dist.
560 3660 674 3730 XXXV,
692 3677 720 3718 a,
743 3659 771 3733 1,
790 3679 818 3733 q.
837 3658 857 3717 2
873 3661 916 3718 ud
932 3675 1001 3734 erp.

162 3741 187 3803 ²l
208 3741 237 3796 lu
256 3741 466 3816 tib..tt'sem.‚
485 3747 554 3802 Dist.
574 3745 596 3814 l,
617 3762 643 3815 p.
664 3745 686 3816 l,
707 3760 735 3802 a.
756 3746 790 3816 ll,
809 3763 836 3816 q.
856 3744 874 3801 2
892 3747 935 3802 od
952 3758 1020 3819 arp-
1066 3738 1070 3743 ⁴

166 3823 188 3893 ³)
207 3827 238 3881 ln
259 3828 308 3883 lib.
328 3829 338 3884 l
359 3830 451 3900 Senot,
473 3831 539 3886 lllst.
562 3830 644 3900 XXV,
665 3847 693 3889 a;
715 3831 749 3901 ll,
768 3850 796 3901 q.
816 3831 835 3886 2
853 3833 941 3888 recol.

166 3910 192 3976 ⁴)
210 3911 253 3966 De
271 3928 358 3971 eausa
378 3917 489 3973 ntoralt'
506 3917 543 3972 ita
564 3916 694 3987 loquitur
711 3933 734 3972 ε.
755 3916 941 3988 Augustinus:
956 3927 971 3970 ι
987 3914 1072 3970 Recte
1083 3910 1192 3970 dieitur
1206 3930 1247 3984 pa·

128 3993 295 4053 terlamilias
313 3998 467 4056 aedlllcare
485 4001 625 4072 domum,
645 4017 713 4056 curn
734 4003 789 4057 troc
809 4015 866 4057 non
884 4014 974 4070 opere
993 4013 1048 4056 suo
1066 3998 1179 4070 laetat,
1198 3999 1248 4055 sed

126 4092 242 4220 εοὲιέιη,
262 4084 365 4222 opibus
384 4083 575 4146 servientibus
593 4086 716 4158 imperat
734 4088 807 4160 r;De
827 4086 898 4144 Gon.
918 4095 1024 4144 eontra
1043 4085 1140 4158 Mam,
1154 4084 1206 4143 lib.
1226 4086 1245 4157 1,

124 4167 329 4236 e,uu

162 4251 187 4324 ⁵)
205 4254 233 4311 8.
255 4253 370 4332 Tium,
390 4255 419 4316 ln
439 4258 488 4319 lih.
510 4258 544 4320 lV
560 4259 660 4336 dent,
679 4260 747 4320 [list.
769 4260 792 4336 Ι,
811 4277 840 4336 q.
862 4257 890 4336 1,
909 4275 938 4319 a.
957 4257 986 4334 4,
1007 4259 1063 4318 sol.
1083 4259 1105 4316 ll
1125 4257 1162 4318 ad
1180 4257 1209 4316 5.
