2760 4770
179 248 246 320 ato
619 245 781 312 -ll-

180 363 339 452 lamrcro,
365 373 399 429 ut
421 385 476 449 ea,
500 384 577 451 quae
600 364 758 448 diximus,
784 360 893 431 rectius
919 360 1174 450 intelligantur,
1198 360 1255 431 haer
1280 384 1282 393 ·

131 470 323 537 adnotamus:
351 470 382 538 ι’
403 467 577 536 Similitudo
609 467 792 537 intercedere
814 466 902 533 debet
926 465 1011 533 inter
1028 476 1179 532 naturam
1199 484 1256 552 ope·
1280 536 1282 541 ,

133 571 239 657 rantis,
263 583 353 658 atquc
371 571 524 652 modum,
548 590 612 657 quo
642 567 799 658 perficitur
820 566 970 656 oper·atio;
999 587 1066 635 nou
1092 580 1172 634 rero
1194 566 1255 635 inter

133 673 227 760 illam,
251 684 342 764 atque
365 672 542 756 terminum,
567 694 620 740 seu
650 670 803 740 obiectum
827 668 1140 758 operationis.0uare
1162 691 1198 737 ex
1218 689 1254 755 ea,
1280 712 1282 757 ι

132 776 213 864 qnod
240 797 326 844 mens
351 786 450 843 nostra
485 787 529 842 est
553 773 780 861 immaterialis,
804 793 867 842 non
897 772 1026 861 quidem
1049 775 1255 862 consequitur,
1280 764 1282 789 ²

130 880 390 968 quemadmodum
406 877 559 947 ldealistae
579 879 779 964 contendunt,
797 887 831 946 ιιι
853 899 902 946 res
925 877 1112 946 materiales
1137 878 1255 968 percipe

132 1001 165 1047 re
189 989 328 1068 nequeat,
354 981 405 1049 sed
427 982 596 1066 dumtaxat,
627 989 659 1046 ut
684 1000 731 1049 res
755 977 922 1047 materiales
946 978 1156 1048 immateriali
1180 982 1255 1047 modo

134 1077 287 1171 percipiat.
326 1082 445 1152 Rursus
467 1103 503 1150 cx
526 1103 590 1165 eo,
624 1083 707 1170 quod
738 1102 823 1149 mens
845 1100 975 1168 corpora
1001 1081 1182 1169 percipiat,
1206 1098 1253 1148 uon

129 1183 293 1273 sequitur,
326 1185 587 1274 quemadmodum
628 1183 836 1253 llaterialistae
875 1183 1195 1269 comminiscuntur,
1229 1194 1254 1250 ut

130 1304 277 1400 corporea
299 1285 364 1373 sit,
388 1287 457 1376 quia
480 1306 543 1354 non
581 1285 639 1354 nisi
664 1285 755 1352 ruodo
778 1283 970 1352 immateriali
1006 1306 1146 1376 corpora
1175 1286 1252 1375 perci-

132 1385 185 1475 pit.
212 1389 245 1458 ι
270 1387 427 1476 Propertio
451 1391 527 1458 inter
550 1400 690 1456 naturam
715 1387 885 1475 operantis,
909 1397 939 1454 et
962 1359 1101 1456 modurn
1113 1385 1253 1479 ,tquoti

130 1489 277 1576 operatio,
301 1498 333 1555 et
356 1490 507 1557 obiectum
532 1489 703 1577 attingitur,
714 1487 905 1601 intelligenda
927 1498 976 1557 est
999 1491 1050 1557 vel
1077 1491 1163 1560 inter
1185 1493 1252 1557 huuc

130 1588 257 1657 modurn
281 1593 474 1677 naturalem,
500 1600 529 1658 et
552 1601 692 1658 naturam
721 1588 871 1677 operantis
894 1589 927 1657 iu
950 1611 985 1658 se
1008 1602 1199 1681 spectatam,
1221 1576 1282 1660 nt!

129 1691 210 1760 inter
228 1693 358 1760 modum
383 1696 656 1782 supernaturalem,
681 1704 711 1758 et
735 1702 874 1759 naturam
897 1691 1032 1780 quadam
1062 1694 1093 1760 ri
1120 1714 1252 1785 superna·
1279 1630 1282 1821 ι

133 1793 221 1861 turali
245 1817 262 1863 a
287 1795 351 1865 Deo
374 1807 503 1866 auctam.
521 1796 666 1876 Quocirca
690 1792 844 1885 proportio
867 1793 968 1862 existit
992 1796 1081 1863 inter
1117 1797 1253 1886 cognitio

129 1912 201 1962 nem
226 1896 398 1967 intuitiram
424 1900 499 1985 Dei,
502 1901 560 1967 'ct
584 1899 768 1967 intellectum
803 1907 938 1964 creatum
961 1901 1198 1986 supernaturali
1219 1901 1253 1965 lu·

129 1995 213 2065 mine
232 1998 313 2086 glor
306 2020 349 2066 rae
370 2021 388 2066 a
417 2000 480 2069 Deo
503 2000 677 2083 donatum,
704 2017 764 2064 nou
791 2019 860 2066 reto
876 2051 884 2084 ,
910 2000 1186 2086 quomadmodum
1206 2001 1253 2071 tta

127 2095 223 2185 talogi
245 2099 439 2206 opinantur,
463 2101 543 2169 inter
567 2101 673 2188 illam,
709 2111 739 2167 et
764 2099 839 2167 rires
870 2101 1023 2167 naturales
1051 2101 1226 2173 ciusdem
1218 2122 1253 2170 ra·

128 2198 1282 2269 tellement

174 2298 281 2370 Xlllll.
309 2300 420 2374 Morus
445 2322 659 2374 corrraaurun
688 2324 729 2373 aa
758 2322 898 2380 ourarau
924 2322 965 2371 ar
992 2322 1035 2372 ur
1066 2325 1111 2372 ao
1144 2324 1252 2377 anun
1277 2294 1282 2403 j

133 2420 223 2514 arua,
248 2423 289 2472 ar
313 2425 353 2474 ur
378 2425 419 2473 aa
444 2426 622 2476 renarrant.
655 2405 854 2494 Comparatur
877 2402 1002 2492 quidem
1027 2416 1069 2473 ut
1092 2411 1132 2476 ad
1159 2409 1282 2496 princi*

130 2501 227 2592 piam,
254 2503 326 2593 quia
349 2515 415 2575 mat
417 2527 452 2574 us
474 2505 574 2575 omnis
598 2506 636 2574 ab
660 2505 810 2574 immobili
835 2506 1005 2594 procedit¹3
1035 2518 1075 2575 ut
1100 2488 1138 2578 ad
1164 2507 1249 2580 terni·

129 2624 232 2691 aum,
254 2616 406 2696 quatenus
430 2606 501 2676 finis
524 2617 627 2674 motus
655 2619 700 2677 est
722 2608 822 2695 quies.
846 2607 935 2686 Quod
969 2608 1107 2679 ellatum
1131 2633 1158 2680 s.
1183 2614 1248 2682 Tire

125 2725 196 2774 mas
219 2707 386 2777 intellectui
408 2718 439 2777 et
463 2708 593 2795 rationi,
618 2709 697 2777 inter
720 2731 797 2799 quae
819 2711 923 2778 cadem
946 2709 1127 2781 differentia
1151 2713 1247 2799 existit,

129 2829 164 2876 ac
186 2809 266 2878 inter
278 2809 412 2900 quictem
429 2821 459 2878 et
476 2822 594 2880 moturu
614 2811 638 2899 ²,
656 2813 900 2893 accommodans,
918 2811 991 2880 haec
1007 2813 1120 2883 habet:
1140 2840 1155 2881 ι
1173 2818 1246 2887 Caur-

130 2921 253 2999 paratur
275 2911 379 3002 (ratio)
402 2912 439 2980 ad
463 2912 649 2982 intellectum
681 2926 716 2982 ιιι
737 2916 773 2983 ad
799 2913 995 3004 principium,
1019 2927 1056 2984 et
1082 2931 1119 2987 ut
1140 2921 1178 2987 ad
1198 2931 1244 2986 ter·

125 3013 261 3102 minum,
285 3022 321 3082 ut
343 3015 380 3082 ad
405 3013 589 3106 principium
613 3015 749 3104 quidem,
779 3015 936 3104 quianon
957 3031 1070 3106 posset
1094 3041 1180 3090 mens
1200 3020 1244 3088 lur

129 3135 217 3185 mana
240 3137 277 3185 ex
301 3137 365 3185 uno
388 3116 418 3184 ia
443 3117 524 3186 alind
548 3117 728 3205 discurrere
745 3118 804 3188 nisi
826 3120 893 3190 eius
915 3118 1080 3193 discursus
1096 3124 1136 3193 ab
1157 3123 1240 3213 aliqua

125 3216 254 3305 simplici
278 3217 450 3333 acceptione
471 3216 604 3287 raritatis
627 3217 783 3309 inciperet,
799 3241 877 3309 quae
897 3219 1027 3310 quidem
1052 3225 1188 3316 acceptio
1205 3230 1239 3292 cst

121 3314 300 3390 intellectus
323 3317 553 3410 principiorum:
580 3321 720 3391 similiter
748 3344 804 3391 uec
827 3323 951 3393 rationis
974 3326 1142 3399 discursus
1162 3330 1197 3399 ad
1214 3346 1239 3395 a

126 3419 221 3510 liquid
243 3430 363 3490 certum
387 3423 566 3512 perveniret,
590 3425 650 3494 nisi
673 3426 758 3495 tieret
779 3423 964 3495 examinatio
993 3425 1080 3518 eius,
1096 3433 1180 3545 quad
1199 3446 1238 3519 pa

125 3521 297 3663 discprsum
330 3521 484 3593 inuenitur
499 3576 509 3613 ,
527 3525 565 3594 ad
589 3525 732 3615 principia
755 3525 866 3616 prima,
890 3526 924 3597 ia
945 3540 1029 3618 quae
1053 3532 1137 3613 ratio
1156 3532 1234 3607 raat-

124 3623 188 3699 ιιι·
230 3647 260 3692 ι.
389 3679 392 3682 .
1210 3682 1215 3689 -

170 3725 250 3800 Xlll.
277 3725 388 3802 Morus
411 3748 587 3804 rurausrou
627 3751 684 3803 aar
707 3752 740 3802 ιι
764 3751 863 3823 arua,
902 3750 991 3812 oran
1013 3753 1053 3806 ru
1075 3752 1235 3809 caraune.

164 3972 188 4044 ¹)
207 3971 268 4031 vta
288 3974 420 4035 hamam
437 3990 558 4037 meacm
576 3977 608 4036 m
626 3978 755 4049 ιιιοιιιιι
771 3988 883 4055 penae
902 3986 946 4038 cat
958 3982 1235 4086 conmemorando

118 4058 244 4136 Ιςιιιιιιϊ,
264 4059 318 4118 ιῑιι.
337 4061 434 4131 Ρ.-ι)
452 4060 515 4119 vid
534 4077 563 4134 p
581 4060 648 4120 273.

161 4143 188 4217 Ιι
205 4145 257 4220 (lq.
276 4147 387 4217 capp,
406 4147 451 4204 oe
469 4147 553 4223 Ver,
571 4166 599 4223 q
603 4147 664 4225 XV,
678 4162 708 4209 a
722 4143 737 4206 1
751 4163 777 4208 c
780 4149 845 4211 ιιι
866 4150 1031 4212 aaronis
1042 4152 1232 4267 compositiora

124 4231 349 4305 -reaotmtorr,
368 4222 422 4288 litt.
444 4224 521 4290 Ρ.
