<?xml version="1.0" encoding="UTF-8"?>
<!DOCTYPE html PUBLIC "-//W3C//DTD XHTML 1.0 Transitional//EN"
    "http://www.w3.org/TR/xhtml1/DTD/xhtml1-transitional.dtd">
<html xmlns="http://www.w3.org/1999/xhtml" xml:lang="en" lang="en">
 <head>
  <title>
</title>
<meta http-equiv="Content-Type" content="text/html;charset=utf-8" />
  <meta name='ocr-system' content='tesseract 3.04.00' />
  <meta name='ocr-capabilities' content='ocr_page ocr_carea ocr_par ocr_line ocrx_word'/>
</head>
<body>
  <div class='ocr_page' id='page_1' title='image "./lexiconperipate00signgoog/lexiconperipate00signgoog_0358.png"; bbox 0 0 2760 4770; ppageno 0'>
   <div class='ocr_carea' id='block_1_1' title="bbox 118 287 1341 3773">
    <p class='ocr_par' dir='ltr' id='par_1_1' title="bbox 124 287 1341 1519">
     <span class='ocr_line' id='line_1_1' title="bbox 613 287 1203 363; baseline 0.007 -7"><span class='ocrx_word' id='word_1_1' title='bbox 613 325 657 340; x_wconf 90' lang='lat'><em>-</em></span> <span class='ocrx_word' id='word_1_2' title='bbox 679 287 700 356; x_wconf 93' lang='lat' dir='ltr'>S</span> <span class='ocrx_word' id='word_1_3' title='bbox 722 325 766 338; x_wconf 93' lang='lat'><em>-</em></span> <span class='ocrx_word' id='word_1_4' title='bbox 1138 291 1203 363; x_wconf 76' lang='lat' dir='ltr'><strong>etr</strong></span> 
     </span>
     <span class='ocr_line' id='line_1_2' title="bbox 125 399 1251 494; baseline 0.008 -27"><span class='ocrx_word' id='word_1_5' title='bbox 125 400 168 467; x_wconf 80' lang='lat' dir='ltr'><strong>ab</strong></span> <span class='ocrx_word' id='word_1_6' title='bbox 192 399 243 469; x_wconf 86' lang='lat' dir='ltr'><strong>itin</strong></span> <span class='ocrx_word' id='word_1_7' title='bbox 266 421 356 473; x_wconf 83' lang='lat' dir='ltr'><strong>censa</strong></span> <span class='ocrx_word' id='word_1_8' title='bbox 393 401 465 471; x_wconf 86' lang='lat' dir='ltr'><strong>oriri</strong></span> <span class='ocrx_word' id='word_1_9' title='bbox 490 410 612 492; x_wconf 86' lang='lat' dir='ltr'><strong>potest,</strong></span> <span class='ocrx_word' id='word_1_10' title='bbox 653 412 728 485; x_wconf 84' lang='lat' dir='ltr'><strong>tune</strong></span> <span class='ocrx_word' id='word_1_11' title='bbox 757 400 875 473; x_wconf 85' lang='lat' dir='ltr'><strong>subtete</strong></span> <span class='ocrx_word' id='word_1_12' title='bbox 899 404 956 473; x_wconf 85' lang='lat' dir='ltr'><strong>hee</strong></span> <span class='ocrx_word' id='word_1_13' title='bbox 984 426 1101 494; x_wconf 78' lang='lat' dir='ltr'><strong>musa,</strong></span> <span class='ocrx_word' id='word_1_14' title='bbox 1125 408 1251 483; x_wconf 75' lang='lat' dir='ltr'><strong>effeetus</strong></span> 
     </span>
     <span class='ocr_line' id='line_1_3' title="bbox 125 502 1246 598; baseline 0.009 -30"><span class='ocrx_word' id='word_1_15' title='bbox 125 521 192 571; x_wconf 88' lang='lat' dir='ltr'><strong>nou</strong></span> <span class='ocrx_word' id='word_1_16' title='bbox 218 503 346 574; x_wconf 87' lang='lat' dir='ltr'><strong>totlitur.</strong></span> <span class='ocrx_word' id='word_1_17' title='bbox 373 502 411 574; x_wconf 84' lang='lat' dir='ltr'><strong>E.</strong></span> <span class='ocrx_word' id='word_1_18' title='bbox 429 527 475 594; x_wconf 80' lang='lat' dir='ltr'><strong>g,</strong></span> <span class='ocrx_word' id='word_1_19' title='bbox 501 505 618 575; x_wconf 79' lang='lat' dir='ltr'><strong>subtere</strong></span> <span class='ocrx_word' id='word_1_20' title='bbox 651 504 778 596; x_wconf 82' lang='lat' dir='ltr'><strong>pluvie,</strong></span> <span class='ocrx_word' id='word_1_21' title='bbox 805 516 903 593; x_wconf 82' lang='lat' dir='ltr'><strong>potest</strong></span> <span class='ocrx_word' id='word_1_22' title='bbox 924 507 999 598; x_wconf 81' lang='lat' dir='ltr'><strong>lepis</strong></span> <span class='ocrx_word' id='word_1_23' title='bbox 1022 509 1154 580; x_wconf 79' lang='lat' dir='ltr'>madere.</span> <span class='ocrx_word' id='word_1_24' title='bbox 1180 509 1246 579; x_wconf 78' lang='lat' dir='ltr'><strong>Et:</strong></span> 
     </span>
     <span class='ocr_line' id='line_1_4' title="bbox 128 598 1249 700; baseline 0.012 -32"><span class='ocrx_word' id='word_1_25' title='bbox 128 598 248 675; x_wconf 72' lang='lat' dir='ltr'><strong>renni</strong></span> <span class='ocrx_word' id='word_1_26' title='bbox 272 625 401 695; x_wconf 73' lang='lat' dir='ltr'><strong>usust,</strong></span> <span class='ocrx_word' id='word_1_27' title='bbox 427 626 567 678; x_wconf 80' lang='lat' dir='ltr'><strong>ronrrun</strong></span> <span class='ocrx_word' id='word_1_28' title='bbox 590 626 765 678; x_wconf 77' lang='lat' dir='ltr'><strong>sessurus.</strong></span> <span class='ocrx_word' id='word_1_29' title='bbox 790 604 917 698; x_wconf 89' lang='lat' dir='ltr'><strong>Nempe,</strong></span> <span class='ocrx_word' id='word_1_30' title='bbox 950 609 1047 700; x_wconf 84' lang='lat' dir='ltr'><strong>posits</strong></span> <span class='ocrx_word' id='word_1_31' title='bbox 1069 632 1160 681; x_wconf 82' lang='lat' dir='ltr'><strong>oense</strong></span> <span class='ocrx_word' id='word_1_32' title='bbox 1194 631 1249 680; x_wconf 88' lang='lat' dir='ltr'><strong>ne-</strong></span> 
     </span>
     <span class='ocr_line' id='line_1_5' title="bbox 129 708 1249 804; baseline 0.005 -27"><span class='ocrx_word' id='word_1_33' title='bbox 129 708 255 777; x_wconf 77' lang='lat' dir='ltr'><strong>cessario</strong></span> <span class='ocrx_word' id='word_1_34' title='bbox 278 731 350 791; x_wconf 89' lang='lat' dir='ltr'><strong>cum</strong></span> <span class='ocrx_word' id='word_1_35' title='bbox 374 711 526 804; x_wconf 70' lang='lat' dir='ltr'><strong>requisitis</strong></span> <span class='ocrx_word' id='word_1_36' title='bbox 547 710 785 796; x_wconf 87' lang='lat' dir='ltr'><strong>conditionibus,</strong></span> <span class='ocrx_word' id='word_1_37' title='bbox 817 711 956 799; x_wconf 89' lang='lat' dir='ltr'><strong>sequitur</strong></span> <span class='ocrx_word' id='word_1_38' title='bbox 977 713 1114 782; x_wconf 81' lang='lat' dir='ltr'><strong>effeetus.</strong></span> <span class='ocrx_word' id='word_1_39' title='bbox 1141 713 1193 783; x_wconf 84' lang='lat' dir='ltr'><strong>Vel</strong></span> <span class='ocrx_word' id='word_1_40' title='bbox 1214 734 1249 783; x_wconf 84' lang='lat' dir='ltr'><strong>e·</strong></span> 
     </span>
     <span class='ocr_line' id='line_1_6' title="bbox 127 810 1247 906; baseline 0.006 -29"><span class='ocrx_word' id='word_1_41' title='bbox 127 810 213 898; x_wconf 83' lang='lat' dir='ltr'><strong>tium,</strong></span> <span class='ocrx_word' id='word_1_42' title='bbox 239 814 333 902; x_wconf 84' lang='lat' dir='ltr'><strong>posito</strong></span> <span class='ocrx_word' id='word_1_43' title='bbox 353 837 546 906; x_wconf 85' lang='lat' dir='ltr'><strong>quacumque</strong></span> <span class='ocrx_word' id='word_1_44' title='bbox 567 835 656 885; x_wconf 75' lang='lat' dir='ltr'><strong>cerne</strong></span> <span class='ocrx_word' id='word_1_45' title='bbox 676 820 749 882; x_wconf 77' lang='lat' dir='ltr'><strong>eun</strong></span> <span class='ocrx_word' id='word_1_46' title='bbox 778 815 908 883; x_wconf 84' lang='lat' dir='ltr'><strong>secunde</strong></span> <span class='ocrx_word' id='word_1_47' title='bbox 929 816 1097 905; x_wconf 85' lang='lat' dir='ltr'><strong>efficiente,</strong></span> <span class='ocrx_word' id='word_1_48' title='bbox 1122 816 1247 905; x_wconf 91' lang='lat' dir='ltr'><strong>ponitur</strong></span> 
     </span>
     <span class='ocr_line' id='line_1_7' title="bbox 124 910 1248 1003; baseline 0.006 -21"><span class='ocrx_word' id='word_1_49' title='bbox 124 913 263 1003; x_wconf 76' lang='lat' dir='ltr'><strong>effeetus,</strong></span> <span class='ocrx_word' id='word_1_50' title='bbox 289 917 458 987; x_wconf 89' lang='lat' dir='ltr'><strong>seeundum</strong></span> <span class='ocrx_word' id='word_1_51' title='bbox 482 916 557 984; x_wconf 87' lang='lat' dir='ltr'><strong>iilud</strong></span> <span class='ocrx_word' id='word_1_52' title='bbox 582 916 640 983; x_wconf 79' lang='lat' dir='ltr'><strong>iam</strong></span> <span class='ocrx_word' id='word_1_53' title='bbox 664 910 857 1003; x_wconf 78' lang='lat' dir='ltr'><strong>explicatum:</strong></span> <span class='ocrx_word' id='word_1_54' title='bbox 888 916 988 986; x_wconf 84' lang='lat' dir='ltr'><strong>Consu</strong></span> <span class='ocrx_word' id='word_1_55' title='bbox 1008 919 1043 987; x_wconf 86' lang='lat' dir='ltr'><strong>in</strong></span> <span class='ocrx_word' id='word_1_56' title='bbox 1064 925 1134 989; x_wconf 75' lang='lat' dir='ltr'><strong>edu</strong></span> <span class='ocrx_word' id='word_1_57' title='bbox 1152 918 1248 989; x_wconf 69' lang='lat' dir='ltr'><strong>simod</strong></span> 
     </span>
     <span class='ocr_line' id='line_1_8' title="bbox 125 1016 1248 1110; baseline 0.01 -27"><span class='ocrx_word' id='word_1_58' title='bbox 125 1021 170 1083; x_wconf 86' lang='lat' dir='ltr'><strong>est</strong></span> <span class='ocrx_word' id='word_1_59' title='bbox 186 1039 257 1087; x_wconf 88' lang='lat' dir='ltr'><strong>cnm</strong></span> <span class='ocrx_word' id='word_1_60' title='bbox 271 1020 377 1108; x_wconf 69' lang='lat' dir='ltr'><strong>epioe</strong></span> <span class='ocrx_word' id='word_1_61' title='bbox 397 1021 430 1091; x_wconf 81' lang='lat' dir='ltr'><strong>in</strong></span> <span class='ocrx_word' id='word_1_62' title='bbox 452 1025 523 1090; x_wconf 90' lang='lat' dir='ltr'><strong>ectn</strong></span> <span class='ocrx_word' id='word_1_63' title='bbox 539 1017 717 1095; x_wconf 54' lang='lat' dir='ltr'><strong>aunuum:</strong></span> <span class='ocrx_word' id='word_1_64' title='bbox 737 1016 884 1089; x_wconf 79' lang='lat' dir='ltr'><strong>Suum-re</strong></span> <span class='ocrx_word' id='word_1_65' title='bbox 900 1040 1058 1110; x_wconf 80' lang='lat' dir='ltr'><strong>nurnero,</strong></span> <span class='ocrx_word' id='word_1_66' title='bbox 1076 1037 1248 1093; x_wconf 79' lang='lat' dir='ltr'><strong>nurnnruu</strong></span> 
     </span>
     <span class='ocr_line' id='line_1_9' title="bbox 125 1120 1246 1212; baseline 0.004 -22"><span class='ocrx_word' id='word_1_67' title='bbox 125 1139 254 1212; x_wconf 75' lang='lat' dir='ltr'><strong>usust,</strong></span> <span class='ocrx_word' id='word_1_68' title='bbox 277 1126 359 1212; x_wconf 85' lang='lat' dir='ltr'><strong>qued</strong></span> <span class='ocrx_word' id='word_1_69' title='bbox 381 1123 505 1194; x_wconf 85' lang='lat' dir='ltr'><strong>evidens</strong></span> <span class='ocrx_word' id='word_1_70' title='bbox 526 1143 564 1191; x_wconf 80' lang='lat' dir='ltr'><strong>ex</strong></span> <span class='ocrx_word' id='word_1_71' title='bbox 585 1143 618 1192; x_wconf 86' lang='lat' dir='ltr'><strong>sc</strong></span> <span class='ocrx_word' id='word_1_72' title='bbox 639 1130 696 1189; x_wconf 89' lang='lat' dir='ltr'><strong>est:</strong></span> <span class='ocrx_word' id='word_1_73' title='bbox 723 1120 897 1194; x_wconf 77' lang='lat' dir='ltr'><strong>EnPosrro</strong></span> <span class='ocrx_word' id='word_1_74' title='bbox 922 1136 1077 1211; x_wconf 78' lang='lat' dir='ltr'><strong>errrore,</strong></span> <span class='ocrx_word' id='word_1_75' title='bbox 1103 1143 1246 1195; x_wconf 80' lang='lat' dir='ltr'><strong>ronrrun</strong></span> 
     </span>
     <span class='ocr_line' id='line_1_10' title="bbox 127 1224 1248 1317; baseline 0.001 -25"><span class='ocrx_word' id='word_1_76' title='bbox 127 1243 247 1295; x_wconf 78' lang='lat' dir='ltr'><strong>usust.</strong></span> <span class='ocrx_word' id='word_1_77' title='bbox 270 1224 399 1295; x_wconf 75' lang='lat' dir='ltr'><strong>Ponitur</strong></span> <span class='ocrx_word' id='word_1_78' title='bbox 421 1247 535 1315; x_wconf 86' lang='lat' dir='ltr'><strong>nempe·</strong></span> <span class='ocrx_word' id='word_1_79' title='bbox 551 1225 848 1317; x_wconf 72' lang='lat' dir='ltr'><strong>determinutehaee</strong></span> <span class='ocrx_word' id='word_1_80' title='bbox 871 1227 916 1294; x_wconf 85' lang='lat' dir='ltr'><strong>uel</strong></span> <span class='ocrx_word' id='word_1_81' title='bbox 939 1225 988 1295; x_wconf 86' lang='lat' dir='ltr'><strong>ilie</strong></span> <span class='ocrx_word' id='word_1_82' title='bbox 1002 1246 1121 1313; x_wconf 80' lang='lat' dir='ltr'><strong>censa,</strong></span> <span class='ocrx_word' id='word_1_83' title='bbox 1145 1225 1171 1293; x_wconf 92' lang='lat' dir='ltr'><strong>si</strong></span> <span class='ocrx_word' id='word_1_84' title='bbox 1202 1225 1248 1294; x_wconf 84' lang='lat' dir='ltr'><strong>ei·</strong></span> 
     </span>
     <span class='ocr_line' id='line_1_11' title="bbox 128 1323 1341 1418; baseline 0.004 -27"><span class='ocrx_word' id='word_1_85' title='bbox 128 1323 226 1395; x_wconf 86' lang='lat' dir='ltr'><strong>tectus</strong></span> <span class='ocrx_word' id='word_1_86' title='bbox 247 1326 288 1395; x_wconf 83' lang='lat' dir='ltr'><strong>ab</strong></span> <span class='ocrx_word' id='word_1_87' title='bbox 308 1346 343 1396; x_wconf 82' lang='lat' dir='ltr'><strong>ee</strong></span> <span class='ocrx_word' id='word_1_88' title='bbox 367 1338 487 1397; x_wconf 82' lang='lat' dir='ltr'><strong>tantum</strong></span> <span class='ocrx_word' id='word_1_89' title='bbox 508 1329 625 1397; x_wconf 82' lang='lat' dir='ltr'><strong>orietur</strong></span> <span class='ocrx_word' id='word_1_90' title='bbox 638 1352 651 1409; x_wconf 77' lang='lat'><strong>3·</strong></span> <span class='ocrx_word' id='word_1_91' title='bbox 671 1325 904 1396; x_wconf 75' lang='lat' dir='ltr'><strong>indeterminate</strong></span> <span class='ocrx_word' id='word_1_92' title='bbox 927 1348 1010 1418; x_wconf 86' lang='lat' dir='ltr'><strong>uere,</strong></span> <span class='ocrx_word' id='word_1_93' title='bbox 1034 1328 1060 1397; x_wconf 89' lang='lat' dir='ltr'><strong>si</strong></span> <span class='ocrx_word' id='word_1_94' title='bbox 1083 1329 1250 1399; x_wconf 80' lang='lat' dir='ltr'><strong>effectusn</strong></span> <span class='ocrx_word' id='word_1_95' title='bbox 1335 1378 1341 1389; x_wconf 78' lang='lat'><strong>,</strong></span> 
     </span>
     <span class='ocr_line' id='line_1_12' title="bbox 127 1424 729 1519; baseline 0.002 -25"><span class='ocrx_word' id='word_1_96' title='bbox 127 1424 254 1497; x_wconf 86' lang='lat' dir='ltr'><strong>dirersis</strong></span> <span class='ocrx_word' id='word_1_97' title='bbox 276 1429 377 1499; x_wconf 86' lang='lat' dir='ltr'><strong>censis</strong></span> <span class='ocrx_word' id='word_1_98' title='bbox 399 1427 485 1519; x_wconf 80' lang='lat' dir='ltr'><strong>gigni</strong></span> <span class='ocrx_word' id='word_1_99' title='bbox 509 1426 616 1516; x_wconf 78' lang='lat' dir='ltr'><strong>possit.</strong></span> <span class='ocrx_word' id='word_1_100' title='bbox 727 1478 729 1483; x_wconf 80' lang='lat'><em>-</em></span> 
     </span>
    </p>

    <p class='ocr_par' dir='ltr' id='par_1_2' title="bbox 118 1528 1250 3362">
     <span class='ocr_line' id='line_1_13' title="bbox 171 1528 1247 1622; baseline 0.003 -23"><span class='ocrx_word' id='word_1_101' title='bbox 171 1528 255 1601; x_wconf 83' lang='lat' dir='ltr'><strong>Circe</strong></span> <span class='ocrx_word' id='word_1_102' title='bbox 276 1551 356 1621; x_wconf 82' lang='lat' dir='ltr'><strong>quse</strong></span> <span class='ocrx_word' id='word_1_103' title='bbox 377 1532 465 1600; x_wconf 79' lang='lat' dir='ltr'><strong>effeto</strong></span> <span class='ocrx_word' id='word_1_104' title='bbox 488 1530 518 1599; x_wconf 92' lang='lat' dir='ltr'><strong>id</strong></span> <span class='ocrx_word' id='word_1_105' title='bbox 540 1551 665 1600; x_wconf 89' lang='lat' dir='ltr'><strong>monere</strong></span> <span class='ocrx_word' id='word_1_106' title='bbox 687 1550 742 1620; x_wconf 85' lang='lat' dir='ltr'><strong>per</strong></span> <span class='ocrx_word' id='word_1_107' title='bbox 763 1539 820 1599; x_wconf 89' lang='lat' dir='ltr'><strong>est.</strong></span> <span class='ocrx_word' id='word_1_108' title='bbox 846 1528 978 1617; x_wconf 76' lang='lat' dir='ltr'><strong>Scilicet,</strong></span> <span class='ocrx_word' id='word_1_109' title='bbox 994 1530 1019 1598; x_wconf 88' lang='lat' dir='ltr'><strong>si</strong></span> <span class='ocrx_word' id='word_1_110' title='bbox 1034 1530 1137 1622; x_wconf 81' lang='lat' dir='ltr'><strong>agitur</strong></span> <span class='ocrx_word' id='word_1_111' title='bbox 1150 1530 1247 1602; x_wconf 79' lang='lat' dir='ltr'><strong>deei-</strong></span> 
     </span>
     <span class='ocr_line' id='line_1_14' title="bbox 126 1630 1245 1723; baseline 0.005 -25"><span class='ocrx_word' id='word_1_112' title='bbox 126 1630 207 1700; x_wconf 80' lang='lat' dir='ltr'><strong>ieetn</strong></span> <span class='ocrx_word' id='word_1_113' title='bbox 231 1632 291 1702; x_wconf 86' lang='lat' dir='ltr'><strong>inm</strong></span> <span class='ocrx_word' id='word_1_114' title='bbox 316 1633 476 1723; x_wconf 88' lang='lat' dir='ltr'><strong>producto,</strong></span> <span class='ocrx_word' id='word_1_115' title='bbox 502 1643 576 1703; x_wconf 89' lang='lat' dir='ltr'><strong>tunc</strong></span> <span class='ocrx_word' id='word_1_116' title='bbox 599 1633 716 1703; x_wconf 90' lang='lat' dir='ltr'><strong>totlitur</strong></span> <span class='ocrx_word' id='word_1_117' title='bbox 737 1632 886 1721; x_wconf 81' lang='lat' dir='ltr'><strong>effectus,</strong></span> <span class='ocrx_word' id='word_1_118' title='bbox 926 1633 953 1704; x_wconf 90' lang='lat' dir='ltr'><strong>si</strong></span> <span class='ocrx_word' id='word_1_119' title='bbox 974 1634 1151 1705; x_wconf 81' lang='lat' dir='ltr'><strong>destruatur</strong></span> <span class='ocrx_word' id='word_1_120' title='bbox 1172 1655 1245 1704; x_wconf 83' lang='lat' dir='ltr'><strong>eurr·</strong></span> 
     </span>
     <span class='ocr_line' id='line_1_15' title="bbox 124 1734 1250 1824; baseline 0.004 -23"><span class='ocrx_word' id='word_1_121' title='bbox 124 1754 161 1802; x_wconf 87' lang='lat' dir='ltr'><strong>sn</strong></span> <span class='ocrx_word' id='word_1_122' title='bbox 182 1734 388 1823; x_wconf 83' lang='lat' dir='ltr'><strong>introducens,</strong></span> <span class='ocrx_word' id='word_1_123' title='bbox 414 1744 670 1824; x_wconf 81' lang='lat' dir='ltr'><strong>eteensereenr,</strong></span> <span class='ocrx_word' id='word_1_124' title='bbox 695 1756 757 1805; x_wconf 91' lang='lat' dir='ltr'><strong>nou</strong></span> <span class='ocrx_word' id='word_1_125' title='bbox 784 1744 886 1805; x_wconf 84' lang='lat' dir='ltr'><strong>entem</strong></span> <span class='ocrx_word' id='word_1_126' title='bbox 909 1738 936 1805; x_wconf 89' lang='lat' dir='ltr'><strong>si</strong></span> <span class='ocrx_word' id='word_1_127' title='bbox 958 1737 1136 1808; x_wconf 75' lang='lat' dir='ltr'><strong>destinentur</strong></span> <span class='ocrx_word' id='word_1_128' title='bbox 1157 1754 1250 1806; x_wconf 75' lang='lat' dir='ltr'><strong>muru</strong></span> 
     </span>
     <span class='ocr_line' id='line_1_16' title="bbox 126 1836 1247 1933; baseline 0.002 -29"><span class='ocrx_word' id='word_1_129' title='bbox 126 1843 251 1908; x_wconf 83' lang='lat' dir='ltr'><strong>tentum</strong></span> <span class='ocrx_word' id='word_1_130' title='bbox 272 1839 474 1910; x_wconf 84' lang='lat' dir='ltr'><strong>introducens.</strong></span> <span class='ocrx_word' id='word_1_131' title='bbox 501 1840 538 1908; x_wconf 84' lang='grc' dir='ltr'><strong>Ε.</strong></span> <span class='ocrx_word' id='word_1_132' title='bbox 565 1862 612 1929; x_wconf 62' lang='grc' dir='ltr'><strong>ς,</strong></span> <span class='ocrx_word' id='word_1_133' title='bbox 636 1860 673 1909; x_wconf 87' lang='lat' dir='ltr'><strong>ex</strong></span> <span class='ocrx_word' id='word_1_134' title='bbox 697 1858 744 1925; x_wconf 91' lang='lat' dir='ltr'><strong>eo,</strong></span> <span class='ocrx_word' id='word_1_135' title='bbox 771 1839 854 1928; x_wconf 83' lang='lat' dir='ltr'><strong>quod</strong></span> <span class='ocrx_word' id='word_1_136' title='bbox 877 1860 965 1908; x_wconf 85' lang='lat' dir='ltr'><strong>musa</strong></span> <span class='ocrx_word' id='word_1_137' title='bbox 989 1836 1179 1907; x_wconf 79' lang='lat' dir='ltr'><strong>matrimonii</strong></span> <span class='ocrx_word' id='word_1_138' title='bbox 1200 1844 1247 1933; x_wconf 85' lang='lat' dir='ltr'><strong>est</strong></span> 
     </span>
     <span class='ocr_line' id='line_1_17' title="bbox 123 1939 1247 2029; baseline 0.001 -23"><span class='ocrx_word' id='word_1_139' title='bbox 123 1949 252 2011; x_wconf 87' lang='lat' dir='ltr'><strong>mutuus</strong></span> <span class='ocrx_word' id='word_1_140' title='bbox 273 1961 454 2029; x_wconf 89' lang='lat' dir='ltr'><strong>censensus,</strong></span> <span class='ocrx_word' id='word_1_141' title='bbox 479 1961 541 2010; x_wconf 90' lang='lat' dir='ltr'><strong>non</strong></span> <span class='ocrx_word' id='word_1_142' title='bbox 564 1939 701 2027; x_wconf 79' lang='lat' dir='ltr'><strong>sequitur</strong></span> <span class='ocrx_word' id='word_1_143' title='bbox 725 1940 822 2027; x_wconf 85' lang='lat' dir='ltr'><strong>ipsum</strong></span> <span class='ocrx_word' id='word_1_144' title='bbox 846 1939 982 2028; x_wconf 79' lang='lat' dir='ltr'><strong>dissolri,</strong></span> <span class='ocrx_word' id='word_1_145' title='bbox 999 1940 1156 2010; x_wconf 90' lang='lat' dir='ltr'><strong>desinente</strong></span> <span class='ocrx_word' id='word_1_146' title='bbox 1170 1956 1247 2007; x_wconf 90' lang='lat' dir='ltr'><strong>oon·</strong></span> 
     </span>
     <span class='ocr_line' id='line_1_18' title="bbox 123 2041 1245 2128; baseline 0 -20"><span class='ocrx_word' id='word_1_147' title='bbox 123 2061 230 2111; x_wconf 86' lang='lat' dir='ltr'><strong>sensu.</strong></span> <span class='ocrx_word' id='word_1_148' title='bbox 255 2041 332 2110; x_wconf 83' lang='lat' dir='ltr'><strong>Nem</strong></span> <span class='ocrx_word' id='word_1_149' title='bbox 361 2065 375 2106; x_wconf 84' lang='lat' dir='ltr'><strong>c</strong></span> <span class='ocrx_word' id='word_1_150' title='bbox 400 2061 569 2111; x_wconf 79' lang='lat' dir='ltr'><strong>consensus</strong></span> <span class='ocrx_word' id='word_1_151' title='bbox 585 2041 740 2109; x_wconf 88' lang='lat' dir='ltr'><strong>vincutum</strong></span> <span class='ocrx_word' id='word_1_152' title='bbox 759 2041 830 2109; x_wconf 89' lang='lat' dir='ltr'><strong>ittnd</strong></span> <span class='ocrx_word' id='word_1_153' title='bbox 847 2041 1024 2128; x_wconf 82' lang='lat' dir='ltr'><strong>introducit,</strong></span> <span class='ocrx_word' id='word_1_154' title='bbox 1041 2062 1104 2110; x_wconf 90' lang='lat' dir='ltr'><strong>non</strong></span> <span class='ocrx_word' id='word_1_155' title='bbox 1120 2059 1245 2110; x_wconf 86' lang='lat' dir='ltr'><strong>conser-</strong></span> 
     </span>
     <span class='ocr_line' id='line_1_19' title="bbox 123 2142 1242 2234; baseline 0.001 -24"><span class='ocrx_word' id='word_1_156' title='bbox 123 2155 186 2231; x_wconf 81' lang='lat' dir='ltr'><strong>vet,</strong></span> <span class='ocrx_word' id='word_1_157' title='bbox 210 2154 240 2212; x_wconf 87' lang='lat' dir='ltr'><strong>et</strong></span> <span class='ocrx_word' id='word_1_158' title='bbox 261 2143 340 2234; x_wconf 88' lang='lat' dir='ltr'><strong>ideo,</strong></span> <span class='ocrx_word' id='word_1_159' title='bbox 366 2143 431 2232; x_wconf 87' lang='lat' dir='ltr'><strong>ipse</strong></span> <span class='ocrx_word' id='word_1_160' title='bbox 453 2143 621 2230; x_wconf 77' lang='lat' dir='ltr'><strong>desinente,</strong></span> <span class='ocrx_word' id='word_1_161' title='bbox 646 2163 708 2211; x_wconf 92' lang='lat' dir='ltr'><strong>nen</strong></span> <span class='ocrx_word' id='word_1_162' title='bbox 730 2142 868 2211; x_wconf 83' lang='lat' dir='ltr'><strong>desinit²</strong></span> <span class='ocrx_word' id='word_1_163' title='bbox 891 2168 920 2215; x_wconf 81' lang='lat' dir='ltr'><strong>n.</strong></span> <span class='ocrx_word' id='word_1_164' title='bbox 948 2144 1033 2232; x_wconf 85' lang='lat' dir='ltr'><strong>item,</strong></span> <span class='ocrx_word' id='word_1_165' title='bbox 1057 2163 1120 2213; x_wconf 90' lang='lat' dir='ltr'><strong>non</strong></span> <span class='ocrx_word' id='word_1_166' title='bbox 1142 2161 1242 2211; x_wconf 87' lang='lat' dir='ltr'><strong>reme·</strong></span> 
     </span>
     <span class='ocr_line' id='line_1_20' title="bbox 121 2246 1245 2336; baseline 0.002 -22"><span class='ocrx_word' id='word_1_167' title='bbox 121 2252 212 2314; x_wconf 77' lang='lat' dir='ltr'><strong>oeten</strong></span> <span class='ocrx_word' id='word_1_168' title='bbox 233 2247 362 2335; x_wconf 74' lang='lat' dir='ltr'><strong>effeetus,</strong></span> <span class='ocrx_word' id='word_1_169' title='bbox 385 2253 585 2336; x_wconf 82' lang='lat' dir='ltr'><strong>permanente</strong></span> <span class='ocrx_word' id='word_1_170' title='bbox 609 2267 727 2317; x_wconf 71' lang='lat' dir='ltr'><strong>censes</strong></span> <span class='ocrx_word' id='word_1_171' title='bbox 757 2269 772 2311; x_wconf 81' lang='lat' dir='ltr'><strong>t</strong></span> <span class='ocrx_word' id='word_1_172' title='bbox 801 2248 912 2315; x_wconf 88' lang='lat' dir='ltr'><strong>Verum</strong></span> <span class='ocrx_word' id='word_1_173' title='bbox 937 2260 983 2318; x_wconf 87' lang='lat' dir='ltr'><strong>est</strong></span> <span class='ocrx_word' id='word_1_174' title='bbox 1006 2251 1044 2316; x_wconf 91' lang='lat' dir='ltr'><strong>de</strong></span> <span class='ocrx_word' id='word_1_175' title='bbox 1066 2269 1156 2318; x_wconf 83' lang='lat' dir='ltr'><strong>oense</strong></span> <span class='ocrx_word' id='word_1_176' title='bbox 1179 2246 1245 2316; x_wconf 85' lang='lat' dir='ltr'><strong>effi·</strong></span> 
     </span>
     <span class='ocr_line' id='line_1_21' title="bbox 123 2347 1246 2438; baseline 0.001 -22"><span class='ocrx_word' id='word_1_177' title='bbox 123 2347 226 2418; x_wconf 85' lang='lat' dir='ltr'><strong>ciente</strong></span> <span class='ocrx_word' id='word_1_178' title='bbox 248 2361 278 2417; x_wconf 88' lang='lat' dir='ltr'><strong>et</strong></span> <span class='ocrx_word' id='word_1_179' title='bbox 298 2359 509 2438; x_wconf 77' lang='lat' dir='ltr'><strong>conservante,</strong></span> <span class='ocrx_word' id='word_1_180' title='bbox 534 2369 606 2418; x_wconf 82' lang='lat' dir='ltr'><strong>non·</strong></span> <span class='ocrx_word' id='word_1_181' title='bbox 620 2350 658 2418; x_wconf 92' lang='lat' dir='ltr'><strong>de</strong></span> <span class='ocrx_word' id='word_1_182' title='bbox 680 2349 827 2416; x_wconf 83' lang='lat' dir='ltr'><strong>effleiente</strong></span> <span class='ocrx_word' id='word_1_183' title='bbox 850 2361 983 2419; x_wconf 85' lang='lat' dir='ltr'><strong>tentum.</strong></span> <span class='ocrx_word' id='word_1_184' title='bbox 1009 2351 1120 2419; x_wconf 88' lang='lat' dir='ltr'><strong>Verum</strong></span> <span class='ocrx_word' id='word_1_185' title='bbox 1144 2360 1190 2417; x_wconf 89' lang='lat' dir='ltr'><strong>est</strong></span> <span class='ocrx_word' id='word_1_186' title='bbox 1212 2369 1246 2417; x_wconf 89' lang='lat' dir='ltr'><strong>e·</strong></span> 
     </span>
     <span class='ocr_line' id='line_1_22' title="bbox 122 2447 1244 2543; baseline 0.003 -28"><span class='ocrx_word' id='word_1_187' title='bbox 122 2447 196 2518; x_wconf 83' lang='lat' dir='ltr'><strong>tium</strong></span> <span class='ocrx_word' id='word_1_188' title='bbox 218 2451 256 2520; x_wconf 94' lang='lat' dir='ltr'><strong>de</strong></span> <span class='ocrx_word' id='word_1_189' title='bbox 278 2449 434 2521; x_wconf 84' lang='lat' dir='ltr'><strong>existentia</strong></span> <span class='ocrx_word' id='word_1_190' title='bbox 458 2471 567 2521; x_wconf 82' lang='lat' dir='ltr'><strong>censue</strong></span> <span class='ocrx_word' id='word_1_191' title='bbox 589 2449 620 2520; x_wconf 90' lang='lat' dir='ltr'><strong>in</strong></span> <span class='ocrx_word' id='word_1_192' title='bbox 642 2472 677 2520; x_wconf 82' lang='lat' dir='ltr'><strong>ea</strong></span> <span class='ocrx_word' id='word_1_193' title='bbox 703 2449 927 2540; x_wconf 84' lang='lat' dir='ltr'><strong>dispositione,</strong></span> <span class='ocrx_word' id='word_1_194' title='bbox 954 2454 986 2520; x_wconf 92' lang='lat' dir='ltr'><strong>in</strong></span> <span class='ocrx_word' id='word_1_195' title='bbox 1009 2474 1069 2541; x_wconf 85' lang='lat' dir='ltr'><strong>que</strong></span> <span class='ocrx_word' id='word_1_196' title='bbox 1105 2451 1244 2543; x_wconf 82' lang='lat' dir='ltr'><strong>producit</strong></span> 
     </span>
     <span class='ocr_line' id='line_1_23' title="bbox 118 2552 1245 2645; baseline 0.003 -25"><span class='ocrx_word' id='word_1_197' title='bbox 118 2552 262 2620; x_wconf 80' lang='lat' dir='ltr'><strong>effoetum</strong></span> <span class='ocrx_word' id='word_1_198' title='bbox 289 2577 318 2619; x_wconf 84' lang='lat' dir='ltr'><strong>n.</strong></span> <span class='ocrx_word' id='word_1_199' title='bbox 337 2554 446 2641; x_wconf 78' lang='lat' dir='ltr'><strong>Quare,</strong></span> <span class='ocrx_word' id='word_1_200' title='bbox 463 2554 517 2622; x_wconf 89' lang='lat' dir='ltr'><strong>etsi</strong></span> <span class='ocrx_word' id='word_1_201' title='bbox 534 2553 702 2642; x_wconf 83' lang='lat' dir='ltr'><strong>baptismus</strong></span> <span class='ocrx_word' id='word_1_202' title='bbox 718 2561 871 2622; x_wconf 85' lang='lat' dir='ltr'><strong>rerneoeet</strong></span> <span class='ocrx_word' id='word_1_203' title='bbox 894 2557 998 2645; x_wconf 85' lang='lat' dir='ltr'><strong>ipsum</strong></span> <span class='ocrx_word' id='word_1_204' title='bbox 1013 2556 1162 2644; x_wconf 76' lang='lat' dir='ltr'><strong>eripiente</strong></span> <span class='ocrx_word' id='word_1_205' title='bbox 1176 2576 1245 2643; x_wconf 85' lang='lat' dir='ltr'><strong>pee-</strong></span> 
     </span>
     <span class='ocr_line' id='line_1_24' title="bbox 122 2655 1246 2747; baseline 0.004 -25"><span class='ocrx_word' id='word_1_206' title='bbox 122 2661 225 2722; x_wconf 83' lang='lat' dir='ltr'><strong>catum</strong></span> <span class='ocrx_word' id='word_1_207' title='bbox 248 2655 286 2722; x_wconf 85' lang='lat' dir='ltr'><strong>nb</strong></span> <span class='ocrx_word' id='word_1_208' title='bbox 307 2655 440 2743; x_wconf 80' lang='lat' dir='ltr'><strong>hennuc,</strong></span> <span class='ocrx_word' id='word_1_209' title='bbox 465 2678 528 2726; x_wconf 91' lang='lat' dir='ltr'><strong>non</strong></span> <span class='ocrx_word' id='word_1_210' title='bbox 553 2656 692 2746; x_wconf 86' lang='lat' dir='ltr'><strong>sequitur</strong></span> <span class='ocrx_word' id='word_1_211' title='bbox 713 2667 748 2724; x_wconf 89' lang='lat' dir='ltr'><strong>ut</strong></span> <span class='ocrx_word' id='word_1_212' title='bbox 771 2667 801 2723; x_wconf 91' lang='lat' dir='ltr'><strong>et</strong></span> <span class='ocrx_word' id='word_1_213' title='bbox 824 2677 950 2746; x_wconf 83' lang='lat' dir='ltr'><strong>censere</strong></span> <span class='ocrx_word' id='word_1_214' title='bbox 972 2658 1131 2747; x_wconf 75' lang='lat' dir='ltr'><strong>eripientis</strong></span> <span class='ocrx_word' id='word_1_215' title='bbox 1144 2677 1246 2745; x_wconf 88' lang='lat' dir='ltr'><strong>peeee-</strong></span> 
     </span>
     <span class='ocr_line' id='line_1_25' title="bbox 123 2757 1244 2850; baseline 0.004 -28"><span class='ocrx_word' id='word_1_216' title='bbox 123 2758 149 2824; x_wconf 85' lang='lat' dir='ltr'><strong>n·</strong></span> <span class='ocrx_word' id='word_1_217' title='bbox 172 2757 311 2826; x_wconf 80' lang='lat' dir='ltr'><strong>eectrrdnt</strong></span> <span class='ocrx_word' id='word_1_218' title='bbox 334 2759 468 2850; x_wconf 77' lang='lat' dir='ltr'><strong>etipse,</strong></span> <span class='ocrx_word' id='word_1_219' title='bbox 493 2769 524 2828; x_wconf 89' lang='lat' dir='ltr'><strong>et</strong></span> <span class='ocrx_word' id='word_1_220' title='bbox 548 2759 615 2827; x_wconf 90' lang='lat' dir='ltr'><strong>ideo</strong></span> <span class='ocrx_word' id='word_1_221' title='bbox 638 2759 805 2849; x_wconf 77' lang='lat' dir='ltr'><strong>baptizatus</strong></span> <span class='ocrx_word' id='word_1_222' title='bbox 826 2778 888 2827; x_wconf 90' lang='lat' dir='ltr'><strong>nen</strong></span> <span class='ocrx_word' id='word_1_223' title='bbox 903 2760 1098 2848; x_wconf 76' lang='lat' dir='ltr'><strong>transfundet</strong></span> <span class='ocrx_word' id='word_1_224' title='bbox 1114 2761 1146 2827; x_wconf 88' lang='lat' dir='ltr'><strong>in</strong></span> <span class='ocrx_word' id='word_1_225' title='bbox 1168 2757 1244 2827; x_wconf 75' lang='lat' dir='ltr'><strong>nite</strong></span> 
     </span>
     <span class='ocr_line' id='line_1_26' title="bbox 125 2861 1244 2952; baseline 0.002 -25"><span class='ocrx_word' id='word_1_226' title='bbox 125 2882 198 2928; x_wconf 82' lang='lat' dir='ltr'><strong>rum</strong></span> <span class='ocrx_word' id='word_1_227' title='bbox 222 2863 370 2951; x_wconf 74' lang='lat' dir='ltr'><strong>eripiente</strong></span> <span class='ocrx_word' id='word_1_228' title='bbox 389 2868 558 2952; x_wconf 82' lang='lat' dir='ltr'><strong>porcetum.</strong></span> <span class='ocrx_word' id='word_1_229' title='bbox 579 2862 699 2930; x_wconf 82' lang='lat' dir='ltr'><strong>Etenim</strong></span> <span class='ocrx_word' id='word_1_230' title='bbox 717 2873 827 2930; x_wconf 89' lang='lat' dir='ltr'><strong>neutro</strong></span> <span class='ocrx_word' id='word_1_231' title='bbox 842 2861 965 2931; x_wconf 84' lang='lat' dir='ltr'><strong>illerum</strong></span> <span class='ocrx_word' id='word_1_232' title='bbox 981 2865 1144 2932; x_wconf 90' lang='lat' dir='ltr'><strong>mederum</strong></span> <span class='ocrx_word' id='word_1_233' title='bbox 1164 2883 1178 2926; x_wconf 78' lang='lat' dir='ltr'><strong>e</strong></span> <span class='ocrx_word' id='word_1_234' title='bbox 1197 2880 1244 2929; x_wconf 88' lang='lat' dir='ltr'><strong>re·</strong></span> 
     </span>
     <span class='ocr_line' id='line_1_27' title="bbox 127 2963 1242 3054; baseline 0.004 -26"><span class='ocrx_word' id='word_1_235' title='bbox 127 2975 231 3031; x_wconf 67' lang='lat' dir='ltr'><strong>ninnet</strong></span> <span class='ocrx_word' id='word_1_236' title='bbox 253 2985 342 3034; x_wconf 84' lang='lat' dir='ltr'><strong>consa</strong></span> <span class='ocrx_word' id='word_1_237' title='bbox 364 2965 544 3052; x_wconf 78' lang='lat' dir='ltr'><strong>originalis,</strong></span> <span class='ocrx_word' id='word_1_238' title='bbox 569 2963 631 3033; x_wconf 83' lang='lat' dir='ltr'><strong>sire</strong></span> <span class='ocrx_word' id='word_1_239' title='bbox 653 2963 722 3054; x_wconf 83' lang='lat' dir='ltr'><strong>quin</strong></span> <span class='ocrx_word' id='word_1_240' title='bbox 750 2964 873 3033; x_wconf 78' lang='lat' dir='ltr'><strong>foeditas</strong></span> <span class='ocrx_word' id='word_1_241' title='bbox 898 2964 958 3052; x_wconf 84' lang='lat' dir='ltr'><strong>ipss</strong></span> <span class='ocrx_word' id='word_1_242' title='bbox 999 2986 1060 3034; x_wconf 89' lang='lat' dir='ltr'><strong>non</strong></span> <span class='ocrx_word' id='word_1_243' title='bbox 1084 2977 1129 3033; x_wconf 85' lang='lat' dir='ltr'><strong>est</strong></span> <span class='ocrx_word' id='word_1_244' title='bbox 1151 2982 1242 3032; x_wconf 81' lang='lat' dir='ltr'><strong>eausa</strong></span> 
     </span>
     <span class='ocr_line' id='line_1_28' title="bbox 122 3066 1244 3159; baseline 0.004 -28"><span class='ocrx_word' id='word_1_245' title='bbox 122 3067 330 3134; x_wconf 80' lang='lat' dir='ltr'><strong>conservative</strong></span> <span class='ocrx_word' id='word_1_246' title='bbox 354 3068 518 3156; x_wconf 74' lang='lat' dir='ltr'><strong>originalis,</strong></span> <span class='ocrx_word' id='word_1_247' title='bbox 543 3089 614 3136; x_wconf 93' lang='lat' dir='ltr'><strong>cum</strong></span> <span class='ocrx_word' id='word_1_248' title='bbox 629 3067 776 3156; x_wconf 79' lang='lat' dir='ltr'><strong>originale</strong></span> <span class='ocrx_word' id='word_1_249' title='bbox 799 3070 837 3136; x_wconf 89' lang='lat' dir='ltr'><strong>sit</strong></span> <span class='ocrx_word' id='word_1_250' title='bbox 853 3067 883 3135; x_wconf 90' lang='lat' dir='ltr'><strong>in</strong></span> <span class='ocrx_word' id='word_1_251' title='bbox 899 3067 1000 3136; x_wconf 83' lang='lat' dir='ltr'><strong>anime</strong></span> <span class='ocrx_word' id='word_1_252' title='bbox 1016 3081 1162 3159; x_wconf 80' lang='lat' dir='ltr'><strong>seperate,</strong></span> <span class='ocrx_word' id='word_1_253' title='bbox 1180 3066 1244 3135; x_wconf 88' lang='lat' dir='ltr'><strong>sire</strong></span> 
     </span>
     <span class='ocr_line' id='line_1_29' title="bbox 122 3169 1244 3259; baseline 0.003 -25"><span class='ocrx_word' id='word_1_254' title='bbox 122 3169 194 3255; x_wconf 82' lang='lat' dir='ltr'><strong>qnia</strong></span> <span class='ocrx_word' id='word_1_255' title='bbox 218 3189 278 3236; x_wconf 92' lang='lat' dir='ltr'><strong>non</strong></span> <span class='ocrx_word' id='word_1_256' title='bbox 304 3183 439 3239; x_wconf 82' lang='lat' dir='ltr'><strong>remanet</strong></span> <span class='ocrx_word' id='word_1_257' title='bbox 463 3174 500 3240; x_wconf 92' lang='lat' dir='ltr'><strong>in·</strong></span> <span class='ocrx_word' id='word_1_258' title='bbox 516 3192 550 3240; x_wconf 87' lang='lat' dir='ltr'><strong>ee</strong></span> <span class='ocrx_word' id='word_1_259' title='bbox 573 3171 781 3259; x_wconf 85' lang='lat' dir='ltr'><strong>dispositione,</strong></span> <span class='ocrx_word' id='word_1_260' title='bbox 805 3180 835 3238; x_wconf 90' lang='lat' dir='ltr'><strong>ot</strong></span> <span class='ocrx_word' id='word_1_261' title='bbox 858 3170 1050 3259; x_wconf 89' lang='lat' dir='ltr'><strong>intensione,</strong></span> <span class='ocrx_word' id='word_1_262' title='bbox 1074 3169 1244 3239; x_wconf 89' lang='lat' dir='ltr'><strong>seeundum</strong></span> 
     </span>
     <span class='ocr_line' id='line_1_30' title="bbox 122 3272 914 3362; baseline 0.005 -27"><span class='ocrx_word' id='word_1_263' title='bbox 122 3290 217 3359; x_wconf 86' lang='lat' dir='ltr'><strong>quom</strong></span> <span class='ocrx_word' id='word_1_264' title='bbox 242 3272 342 3339; x_wconf 83' lang='lat' dir='ltr'><strong>enimn</strong></span> <span class='ocrx_word' id='word_1_265' title='bbox 365 3293 400 3340; x_wconf 86' lang='lat' dir='ltr'><strong>ex</strong></span> <span class='ocrx_word' id='word_1_266' title='bbox 425 3273 488 3362; x_wconf 84' lang='lat' dir='ltr'><strong>ipsa</strong></span> <span class='ocrx_word' id='word_1_267' title='bbox 512 3273 664 3340; x_wconf 79' lang='lat' dir='ltr'><strong>contrahit</strong></span> <span class='ocrx_word' id='word_1_268' title='bbox 686 3273 864 3361; x_wconf 81' lang='lat' dir='ltr'><strong>origineie³</strong></span> <span class='ocrx_word' id='word_1_269' title='bbox 884 3296 914 3339; x_wconf 86' lang='lat' dir='ltr'><strong>n.</strong></span> 
     </span>
    </p>

    <p class='ocr_par' dir='ltr' id='par_1_3' title="bbox 122 3372 1293 3773">
     <span class='ocr_line' id='line_1_31' title="bbox 170 3372 1244 3456; baseline 0 -18"><span class='ocrx_word' id='word_1_270' title='bbox 170 3372 263 3445; x_wconf 86' lang='grc' dir='ltr'>ΧΙΙΙΙ.</span> <span class='ocrx_word' id='word_1_271' title='bbox 289 3374 436 3443; x_wconf 73' lang='lat' dir='ltr'><strong>Susurri</strong></span> <span class='ocrx_word' id='word_1_272' title='bbox 463 3394 568 3442; x_wconf 84' lang='lat' dir='ltr'><strong>rsnru</strong></span> <span class='ocrx_word' id='word_1_273' title='bbox 591 3394 808 3456; x_wconf 74' lang='lat' dir='ltr'><strong>inruentum,</strong></span> <span class='ocrx_word' id='word_1_274' title='bbox 834 3391 995 3444; x_wconf 79' lang='lat' dir='ltr'><strong>routrrun</strong></span> <span class='ocrx_word' id='word_1_275' title='bbox 1019 3395 1139 3447; x_wconf 75' lang='lat' dir='ltr'><strong>norun,</strong></span> <span class='ocrx_word' id='word_1_276' title='bbox 1165 3372 1244 3442; x_wconf 86' lang='lat' dir='ltr'><strong>idest</strong></span> 
     </span>
     <span class='ocr_line' id='line_1_32' title="bbox 122 3474 1245 3563; baseline 0.002 -23"><span class='ocrx_word' id='word_1_277' title='bbox 122 3474 240 3542; x_wconf 87' lang='lat' dir='ltr'><strong>totlitur</strong></span> <span class='ocrx_word' id='word_1_278' title='bbox 264 3475 377 3557; x_wconf 82' lang='lat' dir='ltr'><strong>toturn,</strong></span> <span class='ocrx_word' id='word_1_279' title='bbox 403 3485 554 3563; x_wconf 74' lang='lat' dir='ltr'><strong>rpuntenus</strong></span> <span class='ocrx_word' id='word_1_280' title='bbox 579 3483 678 3542; x_wconf 89' lang='lat' dir='ltr'><strong>totum</strong></span> <span class='ocrx_word' id='word_1_281' title='bbox 702 3476 860 3562; x_wconf 78' lang='lat' dir='ltr'><strong>intepretes</strong></span> <span class='ocrx_word' id='word_1_282' title='bbox 882 3486 940 3560; x_wconf 87' lang='lat' dir='ltr'><strong>est,</strong></span> <span class='ocrx_word' id='word_1_283' title='bbox 965 3476 1017 3543; x_wconf 84' lang='lat' dir='ltr'><strong>sed</strong></span> <span class='ocrx_word' id='word_1_284' title='bbox 1039 3474 1166 3543; x_wconf 72' lang='lat' dir='ltr'><strong>essentie</strong></span> <span class='ocrx_word' id='word_1_285' title='bbox 1182 3494 1245 3542; x_wconf 91' lang='lat' dir='ltr'><strong>nou</strong></span> 
     </span>
     <span class='ocr_line' id='line_1_33' title="bbox 122 3576 1244 3666; baseline 0.002 -24"><span class='ocrx_word' id='word_1_286' title='bbox 122 3577 252 3644; x_wconf 87' lang='lat' dir='ltr'><strong>tollitur.</strong></span> <span class='ocrx_word' id='word_1_287' title='bbox 279 3576 316 3646; x_wconf 83' lang='grc' dir='ltr'><strong>Ε.</strong></span> <span class='ocrx_word' id='word_1_288' title='bbox 341 3599 387 3665; x_wconf 71' lang='lat' dir='ltr'><strong>g,</strong></span> <span class='ocrx_word' id='word_1_289' title='bbox 413 3577 547 3647; x_wconf 79' lang='lat' dir='ltr'><strong>nttscisso</strong></span> <span class='ocrx_word' id='word_1_290' title='bbox 569 3577 716 3661; x_wconf 77' lang='lat' dir='ltr'><strong>bruchio,</strong></span> <span class='ocrx_word' id='word_1_291' title='bbox 743 3596 805 3644; x_wconf 89' lang='lat' dir='ltr'><strong>non</strong></span> <span class='ocrx_word' id='word_1_292' title='bbox 830 3589 932 3646; x_wconf 88' lang='lat' dir='ltr'><strong>menet</strong></span> <span class='ocrx_word' id='word_1_293' title='bbox 955 3576 1085 3666; x_wconf 86' lang='lat' dir='ltr'><strong>emptius</strong></span> <span class='ocrx_word' id='word_1_294' title='bbox 1109 3586 1191 3646; x_wconf 85' lang='lat' dir='ltr'><strong>tetus</strong></span> <span class='ocrx_word' id='word_1_295' title='bbox 1212 3586 1244 3644; x_wconf 90' lang='lat' dir='ltr'><strong>et</strong></span> 
     </span>
     <span class='ocr_line' id='line_1_34' title="bbox 122 3678 1293 3773; baseline 0.001 -28"><span class='ocrx_word' id='word_1_296' title='bbox 122 3679 241 3773; x_wconf 78' lang='lat' dir='ltr'><strong>integer</strong></span> <span class='ocrx_word' id='word_1_297' title='bbox 263 3679 367 3761; x_wconf 68' lang='lat' dir='ltr'><strong>hernes</strong></span> <span class='ocrx_word' id='word_1_298' title='bbox 392 3679 443 3748; x_wconf 85' lang='lat' dir='ltr'><strong>sed</strong></span> <span class='ocrx_word' id='word_1_299' title='bbox 468 3691 569 3749; x_wconf 75' lang='lat' dir='ltr'><strong>memet</strong></span> <span class='ocrx_word' id='word_1_300' title='bbox 592 3680 692 3747; x_wconf 87' lang='lat' dir='ltr'><strong>ndhuo</strong></span> <span class='ocrx_word' id='word_1_301' title='bbox 715 3679 821 3749; x_wconf 86' lang='lat' dir='ltr'><strong>hemo.</strong></span> <span class='ocrx_word' id='word_1_302' title='bbox 847 3678 1060 3749; x_wconf 67' lang='lat' dir='ltr'><strong>eutitianum</strong></span> <span class='ocrx_word' id='word_1_303' title='bbox 1084 3678 1161 3749; x_wconf 80' lang='lat' dir='ltr'><strong>ratio</strong></span> <span class='ocrx_word' id='word_1_304' title='bbox 1182 3689 1242 3767; x_wconf 88' lang='lat' dir='ltr'><strong>est,</strong></span> <span class='ocrx_word' id='word_1_305' title='bbox 1290 3724 1293 3731; x_wconf 80' lang='lat'>-</span> 
     </span>
    </p>
   </div>
   <div class='ocr_carea' id='block_1_2' title="bbox 120 3869 1236 4373">
    <p class='ocr_par' dir='ltr' id='par_1_4' title="bbox 162 3869 425 3939">
     <span class='ocr_line' id='line_1_35' title="bbox 162 3869 425 3939; baseline -0.008 -14"><span class='ocrx_word' id='word_1_306' title='bbox 162 3871 185 3939; x_wconf 83' lang='lat'><strong>¹)</strong></span> <span class='ocrx_word' id='word_1_307' title='bbox 205 3870 234 3925; x_wconf 85' lang='lat' dir='ltr'><strong>P.</strong></span> <span class='ocrx_word' id='word_1_308' title='bbox 254 3869 301 3925; x_wconf 86' lang='lat'><strong>70.</strong></span> <span class='ocrx_word' id='word_1_309' title='bbox 418 3908 425 3923; x_wconf 90' lang='lat'><strong>.</strong></span> 
     </span>
    </p>

    <p class='ocr_par' dir='ltr' id='par_1_5' title="bbox 120 3953 1236 4288">
     <span class='ocr_line' id='line_1_36' title="bbox 156 3953 1232 4028; baseline 0 -18"><span class='ocrx_word' id='word_1_310' title='bbox 156 3957 182 4023; x_wconf 87' lang='lat'><strong>²)</strong></span> <span class='ocrx_word' id='word_1_311' title='bbox 200 3956 230 4010; x_wconf 88' lang='lat' dir='ltr'><strong>S.</strong></span> <span class='ocrx_word' id='word_1_312' title='bbox 251 3958 332 4027; x_wconf 80' lang='lat' dir='ltr'><strong>Bon,</strong></span> <span class='ocrx_word' id='word_1_313' title='bbox 353 3957 381 4011; x_wconf 87' lang='lat' dir='ltr'><strong>tn</strong></span> <span class='ocrx_word' id='word_1_314' title='bbox 414 3957 461 4012; x_wconf 90' lang='lat' dir='ltr'><strong>tib.</strong></span> <span class='ocrx_word' id='word_1_315' title='bbox 486 3956 519 4011; x_wconf 84' lang='lat' dir='ltr'><em>W</em></span> <span class='ocrx_word' id='word_1_316' title='bbox 540 3955 632 4028; x_wconf 74' lang='lat' dir='ltr'><strong>Sene,</strong></span> <span class='ocrx_word' id='word_1_317' title='bbox 654 3957 724 4014; x_wconf 85' lang='lat' dir='ltr'><strong>Dist.</strong></span> <span class='ocrx_word' id='word_1_318' title='bbox 745 3953 854 4022; x_wconf 85' lang='lat' dir='ltr'><strong>xxvrt,</strong></span> <span class='ocrx_word' id='word_1_319' title='bbox 873 3970 901 4012; x_wconf 82' lang='lat' dir='ltr'><strong>e.</strong></span> <span class='ocrx_word' id='word_1_320' title='bbox 921 3955 965 4025; x_wconf 88' lang='grc' dir='ltr'>ΙΙΙ,</span> <span class='ocrx_word' id='word_1_321' title='bbox 984 3972 1011 4025; x_wconf 86' lang='lat' dir='ltr'><strong>q.</strong></span> <span class='ocrx_word' id='word_1_322' title='bbox 1035 3954 1045 4009; x_wconf 95' lang='grc' dir='ltr'>Ι</span> <span class='ocrx_word' id='word_1_323' title='bbox 1064 3955 1107 4010; x_wconf 84' lang='lat' dir='ltr'><strong>ud</strong></span> <span class='ocrx_word' id='word_1_324' title='bbox 1119 3969 1185 4028; x_wconf 72' lang='lat' dir='ltr'><strong>ere.</strong></span> <span class='ocrx_word' id='word_1_325' title='bbox 1201 3957 1232 4012; x_wconf 84' lang='lat' dir='ltr'><strong>Et</strong></span> 
     </span>
     <span class='ocr_line' id='line_1_37' title="bbox 121 4041 1236 4117; baseline 0.003 -22"><span class='ocrx_word' id='word_1_326' title='bbox 121 4041 216 4097; x_wconf 74' lang='lat' dir='ltr'><strong>stret«</strong></span> <span class='ocrx_word' id='word_1_327' title='bbox 238 4045 285 4101; x_wconf 82' lang='lat' dir='ltr'><strong>Est</strong></span> <span class='ocrx_word' id='word_1_328' title='bbox 304 4060 392 4101; x_wconf 83' lang='lat' dir='ltr'><strong>ceusu</strong></span> <span class='ocrx_word' id='word_1_329' title='bbox 412 4045 563 4117; x_wconf 87' lang='lat' dir='ltr'><strong>inducens,</strong></span> <span class='ocrx_word' id='word_1_330' title='bbox 579 4044 628 4100; x_wconf 83' lang='lat' dir='ltr'><strong>sed</strong></span> <span class='ocrx_word' id='word_1_331' title='bbox 644 4055 738 4101; x_wconf 80' lang='lat' dir='ltr'><strong>temon</strong></span> <span class='ocrx_word' id='word_1_332' title='bbox 758 4056 815 4098; x_wconf 91' lang='lat' dir='ltr'><strong>uon</strong></span> <span class='ocrx_word' id='word_1_333' title='bbox 829 4043 968 4111; x_wconf 80' lang='lat' dir='ltr'><strong>efficiens,</strong></span> <span class='ocrx_word' id='word_1_334' title='bbox 983 4055 1037 4097; x_wconf 86' lang='lat' dir='ltr'><strong>nee</strong></span> <span class='ocrx_word' id='word_1_335' title='bbox 1049 4058 1236 4111; x_wconf 79' lang='lat' dir='ltr'><strong>conservens,</strong></span> 
     </span>
     <span class='ocr_line' id='line_1_38' title="bbox 120 4128 1236 4200; baseline 0.004 -20"><span class='ocrx_word' id='word_1_336' title='bbox 120 4139 160 4192; x_wconf 84' lang='lat' dir='ltr'><strong>rr,</strong></span> <span class='ocrx_word' id='word_1_337' title='bbox 182 4130 235 4183; x_wconf 82' lang='lat' dir='ltr'><strong>hae</strong></span> <span class='ocrx_word' id='word_1_338' title='bbox 254 4141 395 4199; x_wconf 80' lang='lat' dir='ltr'><strong>cessante,</strong></span> <span class='ocrx_word' id='word_1_339' title='bbox 417 4146 472 4186; x_wconf 90' lang='lat' dir='ltr'><strong>non</strong></span> <span class='ocrx_word' id='word_1_340' title='bbox 493 4141 585 4185; x_wconf 79' lang='lat' dir='ltr'><strong>cesset</strong></span> <span class='ocrx_word' id='word_1_341' title='bbox 603 4131 734 4197; x_wconf 69' lang='lat' dir='ltr'><strong>(doetus,</strong></span> <span class='ocrx_word' id='word_1_342' title='bbox 753 4129 827 4185; x_wconf 86' lang='lat' dir='ltr'><strong>siout</strong></span> <span class='ocrx_word' id='word_1_343' title='bbox 846 4138 922 4199; x_wconf 78' lang='lat' dir='ltr'><strong>patet</strong></span> <span class='ocrx_word' id='word_1_344' title='bbox 941 4128 1090 4186; x_wconf 81' lang='lat' dir='ltr'><strong>manifeste</strong></span> <span class='ocrx_word' id='word_1_345' title='bbox 1111 4128 1167 4200; x_wconf 74' lang='grc' dir='ltr'>ιςΙιι</span> <span class='ocrx_word' id='word_1_346' title='bbox 1188 4129 1236 4184; x_wconf 80' lang='lat' dir='ltr'><strong>nn.</strong></span> 
     </span>
     <span class='ocr_line' id='line_1_39' title="bbox 120 4211 971 4288; baseline 0.004 -22"><span class='ocrx_word' id='word_1_347' title='bbox 120 4213 139 4266; x_wconf 89' lang='lat' dir='ltr'><strong>tt</strong></span> <span class='ocrx_word' id='word_1_348' title='bbox 164 4212 231 4268; x_wconf 76' lang='lat' dir='ltr'><strong>ursi.</strong></span> <span class='ocrx_word' id='word_1_349' title='bbox 253 4215 311 4284; x_wconf 86' lang='lat' dir='ltr'><strong>un,</strong></span> <span class='ocrx_word' id='word_1_350' title='bbox 330 4230 357 4284; x_wconf 86' lang='lat' dir='ltr'><strong>p.</strong></span> <span class='ocrx_word' id='word_1_351' title='bbox 382 4216 407 4284; x_wconf 90' lang='grc' dir='ltr'><strong>Ι,</strong></span> <span class='ocrx_word' id='word_1_352' title='bbox 425 4233 452 4272; x_wconf 75' lang='lat' dir='ltr'><strong>a.</strong></span> <span class='ocrx_word' id='word_1_353' title='bbox 474 4218 496 4284; x_wconf 91' lang='grc' dir='ltr'><strong>Ι,</strong></span> <span class='ocrx_word' id='word_1_354' title='bbox 515 4233 542 4287; x_wconf 84' lang='lat' dir='ltr'><strong>q.</strong></span> <span class='ocrx_word' id='word_1_355' title='bbox 563 4213 581 4270; x_wconf 88' lang='lat'>2</span> <span class='ocrx_word' id='word_1_356' title='bbox 600 4217 641 4272; x_wconf 85' lang='lat' dir='ltr'><strong>ud</strong></span> <span class='ocrx_word' id='word_1_357' title='bbox 661 4231 728 4288; x_wconf 69' lang='lat' dir='ltr'><strong>ary.</strong></span> <span class='ocrx_word' id='word_1_358' title='bbox 751 4214 807 4270; x_wconf 86' lang='lat' dir='ltr'><strong>rid.</strong></span> <span class='ocrx_word' id='word_1_359' title='bbox 830 4231 856 4283; x_wconf 87' lang='lat' dir='ltr'><strong>p.</strong></span> <span class='ocrx_word' id='word_1_360' title='bbox 875 4211 971 4269; x_wconf 77' lang='lat'>71-72:</span> 
     </span>
    </p>

    <p class='ocr_par' dir='ltr' id='par_1_6' title="bbox 155 4293 1150 4373">
     <span class='ocr_line' id='line_1_40' title="bbox 155 4293 1150 4373; baseline 0.002 -21"><span class='ocrx_word' id='word_1_361' title='bbox 155 4293 177 4367; x_wconf 65' lang='grc' dir='ltr'><strong>Ι)</strong></span> <span class='ocrx_word' id='word_1_362' title='bbox 196 4298 225 4352; x_wconf 84' lang='lat' dir='ltr'><strong>S.</strong></span> <span class='ocrx_word' id='word_1_363' title='bbox 245 4298 328 4373; x_wconf 81' lang='lat' dir='ltr'><strong>Bon,</strong></span> <span class='ocrx_word' id='word_1_364' title='bbox 349 4299 378 4356; x_wconf 88' lang='lat' dir='ltr'><strong>tn</strong></span> <span class='ocrx_word' id='word_1_365' title='bbox 399 4300 446 4359; x_wconf 88' lang='lat' dir='ltr'><strong>tib.</strong></span> <span class='ocrx_word' id='word_1_366' title='bbox 469 4301 491 4355; x_wconf 90' lang='lat' dir='ltr'><strong>tt</strong></span> <span class='ocrx_word' id='word_1_367' title='bbox 512 4301 606 4373; x_wconf 74' lang='lat' dir='ltr'><strong>Seno,</strong></span> <span class='ocrx_word' id='word_1_368' title='bbox 627 4301 695 4359; x_wconf 86' lang='lat' dir='ltr'><strong>Dist.</strong></span> <span class='ocrx_word' id='word_1_369' title='bbox 719 4298 831 4370; x_wconf 86' lang='grc' dir='ltr'>ΙΙΧΙΙΙΙ,</span> <span class='ocrx_word' id='word_1_370' title='bbox 852 4311 880 4355; x_wconf 83' lang='lat' dir='ltr'><strong>n.</strong></span> <span class='ocrx_word' id='word_1_371' title='bbox 900 4298 923 4371; x_wconf 86' lang='grc' dir='ltr'><strong>Ι,</strong></span> <span class='ocrx_word' id='word_1_372' title='bbox 942 4317 969 4371; x_wconf 86' lang='lat' dir='ltr'><strong>q.</strong></span> <span class='ocrx_word' id='word_1_373' title='bbox 989 4298 1008 4355; x_wconf 77' lang='grc'><strong>2</strong></span> <span class='ocrx_word' id='word_1_374' title='bbox 1025 4298 1066 4357; x_wconf 84' lang='lat' dir='ltr'><strong>od</strong></span> <span class='ocrx_word' id='word_1_375' title='bbox 1084 4312 1150 4371; x_wconf 67' lang='lat' dir='ltr'><strong>erp.</strong></span> 
     </span>
    </p>
   </div>
   <div class='ocr_carea' id='block_1_3' title="bbox 0 0 1384 4770">
    <p class='ocr_par' dir='ltr' id='par_1_7' title="bbox 0 0 1384 4770">
     <span class='ocr_line' id='line_1_41' title="bbox 0 0 1384 4770; baseline 0 3"><span class='ocrx_word' id='word_1_376' title='bbox 0 0 1384 4770; x_wconf 95' lang='lat' dir='ltr'><strong> </strong></span> 
     </span>
    </p>
   </div>
  </div>
 </body>
</html>
