2760 4770
222 239 291 309 aaa
674 281 717 296 —
741 241 766 310 U
791 281 835 292 -

184 349 259 421 dom
282 350 382 421 evenit
406 353 437 422 in
468 351 590 425 Cinisto
614 354 637 444 ¹,
660 376 715 427 ens
736 367 782 435 est
805 377 902 425 unum
917 375 1043 447 perse.
1067 356 1103 427 Si
1120 354 1225 428 autem
1244 376 1305 426 eoa

182 454 324 541 ponentia
346 456 551 526 substantialia
575 477 639 526 non
668 479 700 528 se
722 460 864 549 habeant,
900 469 937 529 ut
971 469 1084 548 aetus,
1124 469 1157 530 et
1184 458 1306 552 potentie

184 557 376 648 inirentque
398 559 572 630 distinctam
603 561 806 650 existentiam
832 573 869 632 ut
895 581 977 633 unus
1013 571 1158 633 aeemus
1182 560 1307 652 lapidum,

182 679 264 730 nnus
288 660 430 748 moetus,
453 681 515 729 nna
537 660 654 749 civitas,
678 684 759 732 unus
780 685 854 751 grex
869 673 928 734 ete.
951 684 961 746 ;
985 665 1039 732 vel
1058 662 1306 754 compositivum

182 763 221 827 sit
246 761 278 829 in
304 761 381 831 linea
403 761 603 851 substantiali,
628 763 707 833 sieut
737 775 782 834 est
804 763 987 855 compositio
1001 786 1046 834 ex
1066 765 1215 834 subiecto
1234 773 1306 832 otae

181 860 365 950 ridentibus,
389 883 444 934 ens
470 864 582 933 dieitur
605 885 705 933 unum
734 887 791 956 per
812 867 949 936 occidens
971 864 999 936 ².
1028 867 1150 938 Unitas
1181 887 1239 958 per
1255 883 1308 934 set

185 988 213 1033 s.
238 963 448 1033 Bonaventura
476 967 695 1049 constituerem
719 969 819 1036 unitas
839 990 896 1059 per
909 969 1057 1039 occidens
1072 968 1235 1040 collectiva
1247 985 1306 1037 nun·

180 1077 309 1152 curatur
332 1067 356 1136 ⁸..
435 1124 440 1131 .

225 1166 276 1238 vt.
296 1168 418 1241 Umrts
435 1187 1033 1242 essaenos-seneneren-nonenim.
1059 1172 1146 1242 Com
1171 1171 1304 1242 unumsi·

181 1267 308 1357 gniiieet
329 1293 382 1340 eris
403 1272 583 1361 indivisum,
609 1281 655 1340 tot
682 1282 772 1341 erunt
792 1274 932 1360 unitates,
945 1284 1027 1362 quot
1042 1286 1123 1346 sunt
1147 1275 1302 1344 divisiones.

179 1373 241 1443 lam
265 1396 337 1443 noro
359 1397 408 1444 res
432 1376 590 1466 praecipue
622 1374 801 1446 dividuntur
826 1377 865 1445 ad
893 1375 1027 1446 innieem
1064 1379 1115 1446 vei
1139 1399 1260 1467 ymera,
1279 1387 1303 1445 nt

179 1477 255 1565 lapis
276 1478 316 1545 ab
338 1477 461 1548 homine
475 1470 497 1563 ς’
518 1481 563 1548 nel
591 1478 701 1569 speeie,
726 1488 761 1549 ut
789 1479 839 1549 leo
860 1479 899 1548 ab
919 1499 1027 1570 equo;
1055 1480 1104 1549 vel
1122 1487 1303 1567 renarrant

177 1577 285 1648 Petrus
307 1603 324 1649 a
349 1581 453 1651 Paulo.
473 1580 571 1671 igitur
594 1593 655 1653 tres
682 1581 820 1652 existunt
835 1580 977 1671 unitates,
994 1602 1142 1671 quarum
1167 1583 1230 1668 ilia,
1243 1598 1301 1669 quae

177 1691 269 1770 negat
292 1680 470 1752 divisionem
493 1682 625 1773 generis,
653 1681 768 1752 dieitur
785 1684 953 1774 eeneiiea3
976 1703 1061 1771 quae
1083 1694 1186 1773 negat
1199 1678 1299 1753 divisio·

179 1805 251 1855 nem
274 1785 395 1874 speciei,
420 1787 533 1856 dieitur
555 1786 716 1878 speeiem
740 1807 818 1874 qnae
848 1795 938 1874 negat
959 1783 1154 1854 divisionem
1184 1782 1300 1855 numeri

180 1908 259 1969 nam,
284 1889 394 1958 dieitur
415 1892 585 1976 nrtmerieo,
611 1911 665 1958 seu
693 1889 903 1960 individualis.
934 1887 1013 1956 Hine
1036 1898 1118 1958 sunt
1141 1908 1241 1958 terrem
1262 1905 1297 1975 ee

181 2008 254 2058 nere
276 2013 309 2060 ea
333 2014 411 2082 entiae
433 1994 619 2064 conveniunt
642 1993 672 2059 in
703 1992 808 2064 eadem
831 1989 948 2061 ratione
969 1989 1134 2078 generice.
1156 1990 1300 2079 Speciem

178 2112 256 2180 qnae
278 2093 427 2164 iraeadem
449 2094 626 2164 definitione
648 2094 846 2164 conveniunt.
861 2093 915 2179 Ea,
938 2102 1116 2181 quaesunt
1140 2113 1206 2160 una
1227 2110 1299 2181 gene·

182 2213 229 2281 re,
253 2197 297 2262 nei
322 2196 431 2285 speeie,
455 2196 601 2264 dicuntur
622 2196 713 2265 etiam
744 2194 916 2282 formaliter
941 2215 1030 2280 nno,
1060 2193 1126 2263 hoe
1151 2189 1301 2283 estquod

182 2295 371 2365 essentialem
395 2308 590 2388 conceptum.
616 2296 751 2384 Denique
781 2295 945 2384 singularia
973 2315 1136 2383 qumque,
1164 2293 1300 2364 sireindi·

183 2397 272 2466 nidua
296 2404 369 2466 sunt
392 2420 490 2468 unum
513 2419 655 2467 rtitmero.
686 2396 756 2465 Sola
780 2398 881 2466 unitas
906 2396 1114 2466 individualis
1149 2412 1200 2469 est
1231 2394 1301 2464 emin
1334 2430 1337 2437 ·

181 2499 310 2583 unitas;
336 2522 407 2570 nam
430 2499 594 2590 singularia
619 2509 738 2568 tantum
764 2497 793 2566 in
819 2519 920 2568 remen
942 2508 1053 2566 natura
1067 2500 1225 2570 existunt.
1240 2495 1299 2567 Uni·

184 2612 246 2671 tate
267 2614 369 2673 autem
391 2605 544 2694 asserico,
568 2613 600 2672 ot
621 2602 770 2690 specifice,
797 2600 853 2670 nisi
880 2602 925 2672 eis
945 2601 1072 2669 aeoedat
1095 2603 1205 2673 unitas
1234 2598 1300 2670 iadi-

184 2704 327 2795 ridendis¹
352 2725 415 2775 non
438 2715 511 2774 sunt
533 2726 554 2772 o
578 2710 670 2794 perte
695 2702 741 2772 rei
764 2703 911 2792 perfectae
945 2701 1106 2788 unitates,
1137 2705 1193 2773 sed
1215 2702 1298 2774 solun

184 2807 363 2896 negationes
385 2805 576 2876 diversitatis.
603 2805 640 2873 E.
670 2824 718 2894 g.,
735 2815 843 2873 natura
865 2801 943 2872 Petri
956 2812 986 2872 ei
1003 2801 1092 2871 Pauli
1109 2803 1228 2874 dieitur
1241 2822 1297 2888 una,

182 2928 246 2978 non
269 2909 339 2998 (ruia
365 2907 450 2998 ponit
472 2907 504 2979 in
527 2919 658 2994 utroque
684 2904 821 2973 eamdem
844 2904 1013 2991 entitatem,
1031 2903 1085 2973 sed
1105 2903 1298 2995 tantumque

183 3023 276 3099 negat
300 3011 468 3100 specificam
492 3009 709 3080 diversitatem.
742 3006 820 3074 Hine
846 3029 873 3076 s.
897 3005 1061 3074 Thomas:
1092 3029 1110 3071 a
1139 3007 1223 3088 Quae
1241 3016 1298 3076 sunt

184 3110 311 3182 indivisa
335 3122 471 3200 respectu
495 3109 621 3179 alieuius
650 3109 696 3177 nol
719 3106 849 3196 generis,
880 3106 926 3173 nel
948 3105 1071 3194 speciei,
1093 3159 1102 3175 .
1123 3160 1132 3178 .
1154 3162 1162 3177 .
1186 3129 1245 3180 non
1264 3106 1298 3177 di·

184 3223 297 3280 eantur
320 3213 497 3300 simpliciter
520 3233 632 3299 unum,
656 3211 707 3279 sed
731 3231 828 3279 nntnm
851 3210 898 3278 nei
920 3207 950 3276 in
972 3229 1096 3297 genere,
1124 3213 1175 3282 vel
1198 3213 1228 3280 in
1244 3231 1297 3299 spe

183 3313 240 3382 cie.
260 3366 268 3384 .
289 3364 297 3381 .
316 3339 324 3395 3
350 3325 379 3382 et
395 3314 477 3402 quod
492 3323 538 3382 est
553 3311 728 3403 simpliciter
750 3309 924 3399 indivisum,
941 3319 986 3379 est
1001 3309 1188 3401 simplicitet·
1203 3332 1294 3399 unum

183 3419 264 3508 qnod
288 3428 333 3487 est
357 3438 454 3485 eninm
478 3436 610 3485 numero
631 3417 687 3482 ⁴».

223 3521 330 3606 Porro,
358 3521 443 3607 iliud,
470 3518 553 3607 quod
581 3517 728 3586 unitatem
760 3517 952 3585 ntemerieem
974 3515 1172 3605 constituit,
1196 3536 1246 3585 seo
1264 3514 1291 3583 ii-

180 3623 246 3709 lnd,
271 3646 324 3712 por
346 3624 428 3712 (ruod
453 3624 485 3691 in
515 3624 617 3690 eadem
646 3621 743 3708 speeie
770 3640 869 3687 onum
898 3618 938 3686 ab
959 3619 1059 3688 altero
1080 3617 1200 3704 differt,
1223 3637 1292 3688 voca·

181 3735 232 3793 tur
253 3725 443 3816 principiano
466 3721 732 3790 irrdioidnetionr's.
757 3720 800 3788 De
830 3719 887 3789 hoe
910 3717 1060 3809 principio
1080 3719 1225 3810 quaestio
1244 3718 1291 3786 nei·

222 3903 245 3975 ¹)
265 3905 327 3962 vid.
346 3921 370 3961 s.
389 3906 505 3974 Thom„
524 3903 601 3972 aso.
622 3902 656 3973 ΙΙ,
675 3917 703 3957 n.
722 3899 741 3956 4
758 3916 800 3974 e.,
826 3909 855 3957 et
876 3899 928 3974 Qq.
950 3897 1065 3974 dispo„
1084 3917 1122 3973 ψ-
1135 3901 1176 3960 de
1196 3899 1291 3961 entre
1335 3977 1336 3980 Ἴ

184 3988 280 4050 'Verbi
298 3991 461 4058 lerarnoti,
480 4003 507 4042 a.
529 3985 546 4042 d
565 4001 591 4041 e.
919 4036 923 4042 .

225 4076 250 4140 ²)
270 4074 330 4128 Vid.
350 4091 374 4129 s.
395 4075 509 4144 Titum,
532 4073 560 4127 in
581 4071 630 4126 tib.
653 4071 674 4127 V
694 4070 775 4139 Met,
796 4070 861 4133 ieet.
884 4067 930 4123 vu
949 4085 1010 4140 sqq.

225 4158 365 4232 ³)1niib.
386 4157 418 4211 ΙΙΙ
438 4159 530 4222 Sene,
551 4156 619 4212 Uist.
642 4155 688 4226 vt,
709 4172 737 4210 a.
759 4155 792 4224 ΙΙ,
812 4174 839 4225 q.
859 4154 878 4210 2
895 4155 937 4210 ad
954 4169 1023 4228 ary.
1056 4180 1059 4185 ·
1094 4174 1098 4181 ·

221 4247 246 4317 ⁴)
265 4244 295 4301 ln
316 4245 364 4300 lib.
385 4243 394 4297 l
416 4242 507 4317 Serre,
529 4243 595 4300 Disn
618 4241 716 4317 xxiv,
736 4259 767 4314 q,
789 4241 810 4314 t,
830 4259 858 4300 a.
881 4241 893 4295 l
914 4241 971 4299 nol.
