2760 4770
136 234 202 297 ⁶110
223 221 345 311 ellectu,
363 221 409 293 uti
429 221 567 294 calamus
587 223 748 313 scriptura.
766 223 917 313 uicinos,
933 232 966 295 ot
979 225 1168 316 plurimum,
1192 245 1270 311 nem·

143 343 160 383 ι
181 322 307 411 aliquid,
333 325 377 394 uti
394 349 418 394 s.
435 325 570 395 Thomas
591 327 731 412 advenit,-
750 335 850 414 potest
870 347 960 416 agere
981 330 1068 396 ultra·
1084 348 1173 396 stulu
1195 348 1263 418 spe·

135 424 220 493 ciem
237 446 300 494 non
315 428 401 518 quasi
419 431 530 498 virtute
552 427 683 518 propria,
697 429 748 498 sed
766 429 877 513 virtute
900 428 1069 519 principalis
1085 430 1201 521 agentis
1214 430 1260 498 ¹».

136 524 352 615 Compositunt
367 582 376 615 ,
390 532 485 618 'quod
508 529 612 599 existit
633 551 669 598 ex
698 528 823 597 materia
844 539 876 598 et
898 530 1007 619 forma,
1031 544 1078 600 est
1100 529 1267 621 perfectius

136 625 225 713 ipsis,
244 629 311 698 licet
326 631 382 699 hae
405 632 465 700 sint
481 631 693 715 illius.causae;
716 641 816 700 totum
839 629 920 698 enim
942 642 989 701 est
1004 633 1164 720 perfectius
1186 655 1261 724 qua·

139 729 216 797 libet
239 752 293 799 sua
316 745 412 822 perte.
438 733 575 822 Denique
606 754 695 803 causa
717 733 818 823 finalis
840 730 872 801 in
894 733 1056 822 agentibus
1079 735 1156 808 bene
1177 733 1260 804 ordi·
1339 826 1343 831 ι

135 831 218 899 notis
245 845 292 902 est
314 835 445 906 nobilior
465 837 638 922 effectibus,
664 835 740 905 uiltil
763 837 846 905 enim
870 836 900 902 in
925 837 1086 926 agentibus
1109 837 1187 906 bene
1208 856 1259 907 ot·-

133 932 248 1006 diuatis
278 945 324 1005 est
349 950 470 1028 propter
492 940 580 1010 vilius
604 962 647 1028 se,
665 928 706 1009 ⁴si
730 939 775 1008 sit
796 939 1002 1029 principaliter
1025 940 1202 1024 intentum;
1227 939 1265 1017 id¹

133 1038 222 1125 quod
237 1039 348 1111 clarius
372 1041 482 1129 patebit
503 1062 543 1113 ex
565 1041 635 1129 illo,
661 1041 877 1112 inconveniens
898 1048 942 1112 cst
964 1043 1084 1131 aliquid
1103 1063 1165 1112 erse
1184 1064 1258 1133 pro-

126 1145 205 1227 pter
225 1142 316 1210 ellim
336 1165 380 1212 se.
1258 1228 1261 1234 Ι

179 1241 215 1309 ll.
240 1243 369 1314 Causae
384 1264 569 1318 urrrcrrnrt
590 1266 807 1318 tssrurmrnn
824 1266 998 1316 urrncrus.
1016 1246 1255 1336 intelligendum

128 1353 190 1430 est,
215 1354 251 1414 ut
271 1357 374 1415 monet
388 1370 414 1418 s.
440 1348 572 1422 Thomas
590 1348 615 1435 ²,
638 1349 676 1418 de
699 1368 790 1418 causa
811 1347 959 1417 efficiente
977 1350 1158 1440 principale}
1182 1351 1266 1427 haee,

126 1445 215 1513 enim
237 1459 380 1535 operatur
403 1471 455 1540 per
483 1450 626 1519 virtutem
660 1471 733 1520 suae
756 1449 882 1535 formae,
899 1451 948 1517 cui
976 1450 1161 1519 assimilatur
1182 1451 1255 1519 clie-

127 1556 212 1636 ctus‚
236 1569 297 1618 non
320 1550 394 1621 item
417 1553 456 1621 de
477 1572 565 1621 causa
588 1552 827 1632 irretrttmentoli3
852 1572 922 1618 nam
947 1551 1020 1620 lraec
1036 1573 1098 1619 non
1115 1553 1179 1642 agit
1201 1571 1256 1643 per

127 1651 276 1722 virtutem
300 1677 372 1726 suae
395 1657 522 1744 formae,
547 1661 599 1728 seri
624 1677 676 1744 per
701 1667 833 1740 motum,
855 1675 919 1744 quo
941 1664 1120 1724 moretura
1143 1654 1255 1743 princi-

126 1752 190 1844 pali
210 1769 334 1844 agente.
359 1761 438 1831 lliuc
461 1762 542 1852 ignis
565 1782 622 1834 suo
649 1764 749 1831 calore
772 1759 917 1839 calefacis
934 1757 1132 1845 econtrario,
1158 1759 1254 1825 lectus

126 1875 195 1924 non
218 1862 403 1932 assimilatur
425 1865 553 1952 securi,
582 1865 633 1934 sed
656 1865 727 1951 arti,
751 1883 829 1951 quae
851 1872 897 1930 ost
920 1859 951 1927 in
986 1871 1088 1928 mente
1109 1857 1248 1930 artilicis.

125 1962 270 2053 Insuper,
294 1967 368 2036 haee
390 1968 582 2056 similitudo,
613 1989 668 2038 scu
689 1963 898 2037 convenientia
935 1963 1060 2031 ellectus
1082 1983 1154 2032 oum
1178 1983 1252 2031 cau-

126 2085 175 2150 sa,
200 2066 372 2156 accipienda
395 2082 443 2141 est
469 2074 515 2141 rel
538 2073 705 2140 secantium
734 2069 872 2139 eumdem
894 2069 1045 2134 rationem
1065 2065 1250 2155 specificam,

124 2168 210 2238 sicut
232 2170 328 2241 homo
349 2186 513 2262 generatur
536 2174 574 2242 ab
603 2175 748 2256 homines
773 2173 820 2241 rel
844 2169 1014 2240 secundum
1037 2168 1175 2236 eumdem
1198 2189 1252 2236 ro·

124 2272 241 2339 tionem
263 2278 455 2362 petierimus,
481 2279 636 2364 siculos,
660 2299 740 2368 quae
764 2284 948 2365 generantur
969 2294 1007 2342 ex
1032 2272 1143 2341 virtute
1160 2275 1259 2355 sotts5,

125 2376 175 2442 vel
200 2386 325 2445 tantum
338 2382 521 2465 ,secundum
543 2381 678 2468 oliprtom
699 2379 885 2467 onolopt‘om,
910 2376 988 2445 sicut
1009 2396 1055 2461 ea,
1080 2396 1158 2463 quae
1179 2383 1253 2443 sunt

125 2497 144 2544 a
168 2477 233 2545 Deo
252 2499 259 2558 ;
285 2480 359 2549 hacc
382 2481 464 2549 enim
488 2481 696 2550 assimilantur
720 2481 782 2549 Deo
805 2499 904 2566 neque
924 2477 1089 2546 reundum
1111 2478 1251 2545 eumdem

124 2581 278 2647 rationem
293 2583 475 2672 specificam
493 2606 592 2672 neque
613 2584 779 2653 secundom
796 2581 936 2650 eumdem
957 2580 1108 2647 rollonem
1129 2581 1251 2666 pencri-

123 2702 222 2768 rant,
246 2684 298 2749 sed
324 2695 441 2752 tantum
466 2688 556 2775 quia,
586 2695 691 2772 utpote
714 2683 817 2769 entia,
843 2682 1048 2769 imperfectam
1073 2680 1247 2752 similitudis

124 2802 202 2850 nem
223 2804 295 2851 oum
321 2785 392 2872 lico,
419 2789 518 2874 primo
541 2801 572 2856 et
597 2787 756 2856 universali
779 2784 928 2874 principio
952 2785 1045 2853 totius
1067 2805 1139 2872 esso,
1163 2807 1249 2874 prae·

123 2883 273 2953 scierunt.
292 2886 377 2955 liano
394 2889 433 2956 ob
449 2890 596 2958 rationem
621 2899 776 2958 creaturae
798 2896 926 2974 possunt
947 2884 1050 2974 aliquo
1072 2887 1165 2954 modo
1187 2887 1245 2956 diei

123 2983 241 3055 similes
264 2987 352 3074 Deo,
392 2991 443 3058 sed
466 3011 528 3059 non
556 2990 715 3060 vicissim:
745 3011 760 3054 r
787 2989 870 3057 inter
891 2987 1016 3073 Deum,
1041 2999 1072 3057 et
1093 3000 1249 3063 creaturas

122 3104 188 3153 non
211 3097 258 3157 est
280 3090 452 3160 similitudo
473 3116 527 3181 per
546 3093 789 3163 convenientiam
814 3090 844 3160 in
867 3091 971 3180 aliquo
992 3084 1163 3179 communi,
1194 3094 1248 3173 sed

123 3209 179 3277 per
203 3186 402 3260 imitationem
421 3215 430 3276 ;
454 3196 537 3264 unde
560 3207 698 3264 creatum
726 3192 834 3264 similis
863 3193 926 3264 Deo
947 3190 1085 3281 dicitur,
1109 3194 1249 3272 sednon

122 3292 346 3361 convertitur³
375 3320 403 3362 r.
1230 3369 1233 3373 ,

171 3393 220 3464 lll.
246 3394 373 3466 Crustu
397 3416 596 3475 troutnms
612 3417 736 3470 nausar
752 3415 924 3474 arcumen
949 3417 1129 3468 urrrcrun.
1152 3396 1244 3483 lrlest;

120 3506 338 3584 augmentum,
364 3500 409 3566 rel
434 3499 598 3570 diminutio
625 3518 733 3568 causae
755 3508 864 3585 auget,
891 3500 935 3565 vel
959 3498 1068 3568 minuit
1090 3500 1246 3581 ellectum;

120 3618 150 3667 e.
176 3617 225 3685 g.,
250 3599 275 3667 si
297 3601 428 3669 calidum
451 3601 598 3687 dissolvit,
624 3601 721 3689 magis
741 3600 876 3669 calidum
892 3599 988 3688 magis
1004 3602 1156 3671 dissolvit.
1182 3602 1248 3670 lloc

119 3713 227 3771 eutem
251 3727 356 3775 verum
379 3717 449 3792 est,
475 3706 499 3775 si
523 3726 614 3777 causa
637 3707 801 3795 accipiatur
823 3727 880 3795 pro
902 3727 991 3775 causa
1015 3727 1072 3796 por
1106 3727 1163 3796 ro,
1188 3706 1248 3797 qua

157 3948 183 4016 ¹)
202 3947 233 4019 3,
252 3967 279 4019 q.
300 3949 436 4022 Lxxvm
456 3967 484 4007 a.
504 3950 522 4008 ll
542 3953 577 4006 ad
598 3950 627 4007 3.
670 3979 673 3985 -

156 4036 186 4101 ²i-
202 4033 222 4103 Ι,
241 4052 274 4105 n..
290 4037 337 4106 lt,
356 4054 383 4092 a.
405 4038 482 4108 oc„
503 4047 531 4095 et
548 4040 576 4109 q.
596 4037 699 4108 clue.
722 4031 733 4089 l
755 4034 791 4091 ad
813 4031 840 4091 1.
966 4098 969 4102 ,

156 4118 181 4191 ³)
202 4117 231 4172 ln
253 4120 302 4176 lib.
322 4122 333 4176 l
355 4126 449 4197 Seue,
471 4125 538 4182 [list.
561 4123 673 4195 XXXV,
694 4140 724 4194 q.
745 4121 768 4194 l,
786 4136 814 4178 a.
835 4119 853 4176 l
875 4124 910 4178 ad
931 4122 959 4179 6.
