2744 4770
511 302 555 320 -—·
578 267 605 336 U
629 305 672 318 -
1040 258 1112 341 365·

28 375 126 457 multa
148 382 268 458 divisim
293 381 480 475 significans,
504 381 567 450 sire
595 380 731 467 octeno,
756 391 791 450 ut
815 402 873 452 uox
890 376 1005 469 bonno,
1030 384 1093 452 siro
1107 384 1163 454 tte-'2

28 491 166 580 quivere,
192 500 309 558 utrox
335 501 440 556 taurus
466 496 527 554 etc.
560 485 734 554 Universulo
752 486 1171 578 iuesemdo,·sou·iupu⁴ne·.

31 594 162 664 dicando
200 601 246 662 ost
279 612 378 659 unum
409 601 533 677 aptum.
552 590 650 657 inesse
682 588 814 674 multis,
846 608 899 657 seu
922 610 1032 656 *umam
1055 599 1168 678 aptum

33 696 198 786 praedicari
226 697 265 764 de
290 692 415 779 multia,
452 704 524 783 puta
552 703 659 759 natura
682 692 829 762 bumana.
858 714 872 758 t
899 690 1086 779 Universale,
1112 692 1160 760 in·

31 798 102 888 quit
123 798 159 867 B.
183 797 254 866 Alb.
280 794 332 882 ll,
356 793 518 882 estquod,
543 814 614 861 eum
645 793 684 861 sit
707 792 738 862 in
764 813 838 878 uno,
862 803 968 883 aptum
993 805 1099 863 notum
1115 802 1165 878 ests

31 922 99 972 osse
120 900 152 970 in
176 898 327 991 pluribus,
353 896 394 965 Et
417 916 469 985 per
499 896 568 978 lior,
592 896 673 985 quod
699 896 729 963 in
753 893 860 965 uiuitis
884 916 938 986 per
957 893 1161 983 aptitudinem

33 1013 90 1089 est,
117 1000 314 1092 praedicabile
335 1008 381 1067 est
403 998 440 1066 de
463 997 536 1068 illis.
562 997 600 1065 tlt
629 995 674 1064 sic
697 995 865 1067 universale
880 1008 936 1084 est,
953 999 1036 1086 quod
1053 1000 1091 1065 de
1105 1019 1162 1068 sua

32 1105 203 1196 aptitudine
225 1115 272 1173 est
295 1106 327 1172 in
349 1102 469 1189 multis,
499 1113 531 1171 et
553 1103 590 1170 de
613 1101 718 1170 multis
740 1100 752 1142 ¹
773 1126 802 1169 a.
829 1099 887 1170 dlii
912 1103 1164 1177 lamentaliter,

32 1208 96 1277 sate
119 1207 154 1275 itt
175 1206 298 1275 essendo
320 1203 359 1272 itu
381 1203 642 1294 interpretantur,
666 1213 701 1269 ut
733 1200 834 1289 ipsum
856 1202 939 1271 aliud
962 1203 1002 1272 sit
1023 1203 1062 1272 ab
1083 1205 1155 1274 attri-

32 1308 147 1378 uersob'
168 1308 202 1376 ia
224 1307 439 1397 praedicando.
466 1304 581 1373 Doeent
607 1301 693 1372 enim
714 1303 789 1372 illud
812 1324 878 1373 esse
899 1302 998 1374 ideam
1023 1305 1157 1377 Platoni·

33 1432 115 1498 eam,
138 1432 174 1481 ex
197 1409 286 1481 cuius
309 1407 536 1499 participatione
558 1405 722 1498 singularia
744 1404 904 1476 essentiam
928 1428 1016 1478 suam
1034 1419 1157 1477 mutua·

33 1512 61 1582 ri
85 1512 271 1602 tinguntur,
307 1509 347 1578 ita
370 1519 406 1577 ut
428 1508 592 1598 separatim
621 1505 735 1593 abiis,
760 1506 792 1576 in
815 1506 926 1595 quibus
947 1520 993 1577 est
1010 1501 1161 1579 summm

34 1615 96 1704 nis,
120 1613 248 1684 existat„
264 1614 304 1682 At
326 1611 427 1695 falso,
452 1632 522 1680 nam
549 1633 564 1676 ι
590 1611 675 1701 quod
696 1619 744 1680 est
765 1629 930 1679 commune
953 1611 1068 1697 multis,
1094 1633 1159 1683 non

32 1730 81 1788 est
103 1717 187 1787 aliud
208 1724 330 1805 praeter
352 1713 475 1799 multa,
499 1709 561 1781 uisi
588 1712 652 1781 sola
675 1709 820 1798 ratione,
844 1711 925 1780 sicut
957 1712 1070 1781 anirual
1093 1735 1158 1784 non

31 1829 81 1889 est
101 1818 185 1887 aliud
206 1825 325 1908 praeter
346 1814 514 1901 Socratem,
541 1813 711 1900 Platonem,
723 1822 755 1880 et
777 1813 834 1881 alia
856 1813 1008 1900 animalia,
1034 1813 1091 1883 nisi
1106 1816 1156 1887 in·

32 1923 169 2009 tellecta,
192 1919 245 2010 qui
267 1917 464 2010 apprehendit
488 1918 617 1987 sormam
640 1914 823 2007 expoliatam
846 1916 886 1986 ab
907 1917 1054 1988 omnibus
1077 1918 1155 1989 indi-

32 2022 229 2094 vidnantibus
250 2031 284 2090 et
303 2018 546 2110 specisnantibus
570 2017 617 2090 ²».
1020 2094 1022 2098 ¹

43 2168 47 2172 -
76 2125 145 2198 llll.
170 2124 385 2195 Unrrnnstta
407 2120 1042 2205 nurnrursruun-Looroun.Universule
1065 2129 1162 2193 utetu-

31 2226 209 2318 pbpaicum,
232 2225 316 2315 quod
338 2221 430 2294 etiam
462 2223 616 2305 directum
638 2224 829 2312 appellatur,
854 2233 1022 2294 estonum
1045 2226 1163 2297 abstra-¹

32 2341 121 2400 ctum
143 2349 161 2398 a
184 2326 300 2415 multis,
325 2347 379 2396 seu
401 2337 510 2395 natura
541 2325 608 2395 sine
631 2324 1006 2396 individuiseonsideruta.
1032 2330 1161 2399 l'nioer·

33 2431 98 2502 sole
119 2430 276 2522 bonum,
300 2449 354 2499 seu
376 2429 529 2515 relicuum
560 2440 607 2498 est
630 2450 729 2498 unum
753 2428 915 2518 respiciens
937 2431 1058 2518 multu,
1085 2431 1160 2502 idest

32 2553 136 2604 unum
158 2542 367 2623 comparatum
390 2533 437 2622 ad¹
452 2533 550 2622 plura,
565 2543 719 2622 tamquam
742 2532 884 2622 superius
905 2532 943 2601 ad
967 2551 1021 2600 sua
1037 2532 1159 2603 inlerio·

33 2655 82 2706 ra.
110 2633 196 2703 Unde
218 2633 432 2706 uniuersaliter
446 2633 544 2723 lupico
565 2655 627 2703 non
648 2633 770 2722 quidem
786 2632 819 2701 in
833 2632 1034 2705 abstractione
1057 2657 1073 2705 a
1098 2639 1160 2708 sin·

35 2735 197 2827 gularibus
218 2735 390 2824 forraoliter
412 2735 561 2823 consistit,
585 2737 636 2804 sed
662 2736 694 2804 in
709 2755 757 2816 eo;
780 2737 862 2823 quod
887 2735 936 2803 illa
959 2746 1068 2806 natura
1091 2740 1160 2808 abs-

37 2846 132 2929 tracta
150 2837 297 2926 pluribus
311 2837 436 2906 attribui
452 2834 807 2928 posseeognoseiturbc
822 2836 983 2921 universali
999 2842 1159 2931 arctophy-

32 2941 98 3010 aico
122 2939 256 3030 loquitur
280 2961 307 3011 s.
322 2940 469 3028 Thomas,
493 2939 545 3010 ubi
569 2937 682 3029 inquit:
712 2937 832 3017 «Quod
847 2938 1032 3009 abstrahitur
1052 2963 1070 3009 a
1094 2966 1158 3012 ma-

36 3041 113 3114 teria
136 3040 332 3129 individuali,
355 3051 403 3108 est
426 3038 595 3110 universale
611 3040 659 3122 ³r;
676 3039 757 3109 etde
779 3039 941 3110 universali
956 3042 1061 3132 lupico,
1086 3067 1159 3116 eum

36 3145 152 3238 possim
173 3146 261 3214 docet
288 3156 431 3213 naturam
455 3143 521 3212 steri
543 3142 761 3229 universalem,
784 3164 843 3234 prr
871 3144 1067 3213 ittleutiouma
1089 3149 1159 3216 orri-

34 3247 235 3336 persultatis,
259 3257 411 3336 quatenus
440 3267 550 3336 nempe
580 3245 801 3337 cognoscitur,
828 3257 860 3314 ut
884 3248 1103 3339 participabilis
1124 3249 1162 3318 ab

39 3348 251 3437 informibus·
514 3381 518 3387 ·
680 3340 691 3387 ·'

80 3447 164 3518 Xlli.
189 3448 711 3522 Usus-ttmcno-cmsmsus.
729 3451 807 3517 (lum
831 3450 971 3517 uoluntas
993 3451 1101 3529 sitt'el
1125 3454 1161 3523 st·

32 3553 100 3644 nis,
125 3554 171 3622 re'l
194 3553 366 3624 mediorum
390 3555 416 3642 ⁴,
433 3561 495 3625 tres
516 3563 736 3624 enumerantur
758 3563 845 3621 actus
868 3554 949 3622 illius
964 3555 1054 3625 eliciti
1070 3556 1158 3627 retr·

34 3678 72 3730 ea
95 3655 201 3744 finem,
225 3655 341 3727 scilieet
364 3655 496 3743 rutilio,
520 3656 676 3744 intentio,
702 3655 828 3743 bultio,
852 3653 906 3745 qni
929 3666 1016 3726 actus
1037 3669 1110 3728 sunt
1133 3658 1160 3728 i·

33 3759 119 3831 idem
140 3777 213 3828 cum
235 3777 365 3846 amore,
389 3757 539 3829 desiderio
561 3769 592 3827 et
613 3759 739 3850 gaudio.
770 3758 951 3845 Guttdium,
974 3778 1029 3829 scu
1050 3762 1160 3859 frtritio

29 3870 172 3933 versatur
192 3858 271 3930 eirca
295 3861 389 3930 finem
420 3860 593 3949 obtentum,
618 3883 673 3934 seu
694 3863 775 3935 circa
797 3863 914 3932 bonum
938 3884 1090 3956 pmesens3
1106 3864 1159 3938 dc·

68 4040 94 4110 ι)
113 4041 156 4100 De
176 4041 299 4111 Praed,
318 4049 404 4098 tract.
424 4041 456 4112 ll,
475 4057 504 4101 e.
526 4043 615 4116 t.-²l
634 4043 734 4107 contr.
755 4043 913 4120 Gent.,llb.
934 4041 957 4115 l,
975 4057 1002 4101 e.
1022 4042 1069 4121 26,
1090 4062 1120 4108 u.
1138 4045 1168 4109 d.

67 4125 93 4194 3ι
111 4125 133 4195 ι,
150 4143 178 4199 q.
197 4125 346 4197 uxxxvr,
366 4144 394 4182 ι.
417 4124 479 4186 ro.

68 4211 94 4282 ⁴)
113 4210 175 4268 vid.
193 4227 219 4269 a.
239 4210 354 4280 ruem,
376 4209 405 4267 1·
422 4209 482 4284 2⁸⁸,
500 4231 529 4287 q.
549 4212 622 4287 vlll,
638 4229 669 4274 ιι.
686 4213 718 4273 2.
789 4248 806 4257 ··

67 4300 95 4375 ἰ
111 4296 235 4371 Quinam
253 4297 310 4359 aiut
327 4307 411 4361 artur
428 4300 531 4378 elirr'tr',
551 4299 609 4366 rid.
627 4312 659 4377 p.
677 4280 938 4480 nm·-
1017 4322 1022 4329 .
1068 4322 1073 4329 .
