2744 4770
104 384 193 455 tione
216 385 305 471 ittud,
331 382 488 472 Quidquid
509 376 604 472 polest
627 381 727 449 uirtus
749 372 891 466 insertor,
914 372 1061 468 potero
1083 377 1235 469 superior,

102 484 347 576 iulettigeudum
368 498 416 555 est
437 485 474 553 do
500 483 609 552 uirtute
631 477 793 570 superiori,
818 489 962 568 quaeest
984 480 1121 550 eiusdem
1141 499 1235 571 geue·

106 588 153 656 ris
174 601 207 658 ct
227 588 348 658 ordinis
369 608 441 656 cnm
466 583 617 669 inferiori3
632 584 743 652 modies
757 580 841 651 eninr
856 582 1006 672 operandi
1020 584 1157 672 sequeitur
1171 602 1238 650 oro-

106 689 188 758 dum
212 689 332 758 ruendi
347 689 371 755 ¹.
396 687 483 768 Quod
508 685 533 755 si
558 685 656 756 virius
677 683 816 775 superior
838 703 899 752 nun
924 685 1025 754 solurn
1046 683 1085 753 sit
1099 682 1238 775 superio·

107 791 154 858 ris
176 792 302 878 gindus,
326 791 380 860 sed
410 788 556 879 pertineat
577 786 614 854 ad
642 783 830 874 superiorem
853 783 992 855 ordinem
1014 805 1137 873 rerurn,
1162 795 1237 855 tunc

107 904 210 983 polest
233 914 297 962 nou
319 891 438 979 eodem,
456 892 507 960 scd
529 889 672 958 nobiliori
688 897 718 957 et
732 887 924 957 eminentiori
940 890 1034 958 ruodo
1048 887 1122 957 illud
1126 888 1235 979 ,quod

108 1006 213 1087 potest
234 992 373 1066 inferior.
397 994 442 1061 ltu
469 993 639 1061 intellectus
667 1010 723 1079 co
713 988 825 1060 noscit
848 990 962 1060 obieeta
985 991 1136 1062 sensibilia
1157 989 1235 1061 emi·

107 1097 248 1183 nuntius,
272 1117 364 1187 quum
387 1115 507 1182 sensus,
530 1093 579 1164 hie
600 1093 683 1163 eninr
702 1116 736 1165 eu
753 1093 877 1187 percipit
891 1096 1102 1186 materialiter,
1118 1108 1151 1168 et
1163 1114 1235 1167 cote

107 1205 201 1281 orete;
227 1198 278 1268 ille
299 1218 372 1268 vero
394 1195 651 1285 immaterialiter,
682 1205 713 1268 et
734 1195 924 1268 obstructo&

155 1299 1229 1387 Xffl.0mwmmnmmunfflmmummmmffi

109 1423 175 1476 uoc
199 1423 322 1485 uoresr
346 1424 428 1478 sonu
451 1422 553 1476 cause
576 1404 774 1475 nonnullum
795 1402 877 1474 enirn
892 1423 910 1473 a
924 1422 1015 1474 causa
1032 1403 1139 1494 prime,
1156 1402 1234 1475 idest

109 1527 128 1576 a
151 1505 229 1595 neo,
253 1516 409 1577 creaturae
431 1526 519 1578 suurn
542 1505 651 1595 egendi
673 1505 735 1575 virn
764 1504 924 1596 accipiant,
946 1503 1084 1595 sequitur
1105 1515 1141 1574 ut
1154 1504 1238 1576 oeus

113 1606 213 1699 possit
234 1628 271 1677 ex
295 1628 327 1677 se
351 1608 517 1696 producere
540 1628 648 1678 omnes
677 1606 745 1676 illos
767 1606 904 1692 effectus,
926 1626 1018 1696 quos,
1035 1617 1190 1695 assumpta
1204 1610 1237 1676 a·

110 1709 197 1798 liquo
219 1719 368 1799 creatura,
395 1718 550 1798 tamquam
574 1710 791 1794 instrumento,
826 1708 1016 1797 produceret:
1046 1732 1060 1772 r
1090 1707 1237 1780 Voluntas

113 1810 225 1880 llirina
246 1821 293 1881 est
315 1832 406 1882 cauo
429 1811 528 1903 prima
550 1822 580 1880 et
604 1809 858 1881 universalissima
880 1819 912 1879 et
939 1809 1154 1880 aeluulissima.
1169 1808 1240 1881 ldeo

111 1924 214 2004 potest
237 1913 268 1984 in
291 1926 392 1984 lotum
415 1915 569 2003 effectum,
594 1926 624 1984 et
648 1914 679 1983 in
704 1923 799 1982 toturn
827 1912 870 1982 rei
893 1912 1121 2004 substantiam,
1145 1912 1239 1999 etiarn

110 2017 179 2087 sine
201 2014 390 2085 adminiculo
412 2017 536 2085 alterius
563 2035 700 2099 uusae3
739 2034 796 2084 uec
819 2013 919 2104 atique
947 2035 1037 2085 eausa
1061 2024 1159 2106 potest
1181 2016 1237 2085 ali-

108 2116 188 2207 quid
213 2119 259 2187 vel
281 2116 437 2186 modicum
460 2116 526 2188 sine
550 2116 613 2206 ipsa
630 2117 676 2186 ἰ.
701 2117 742 2185 At
764 2134 864 2205 veru,
897 2117 1009 2188 modus
1032 2115 1238 2208 productionis

108 2240 176 2289 uon
199 2230 279 2290 esset
301 2219 395 2307 idern,
419 2219 568 2310 siquidem
591 2219 726 2306 effectus,
742 2219 795 2309 qui
816 2219 998 2310 producitur
1017 2218 1109 2289 sirnul
1124 2241 1142 2289 a
1158 2219 1234 2308 lieo,
1286 2228 1291 2236 '

107 2333 142 2392 et
166 2341 185 2390 a
206 2342 297 2390 causa
320 2324 464 2410 naturali,
488 2332 535 2392 est
566 2342 691 2411 prorsus
715 2322 875 2404 naturalis3
900 2321 1052 2411 simulque
1066 2322 1237 2411 dependen-

108 2425 186 2519 tiuru
210 2434 395 2494 creatutura
410 2424 486 2507 ileo,
510 2444 630 2493 necnon
646 2420 740 2515 ipsius
768 2422 820 2491 Dei
845 2423 1024 2493 immensam
1049 2423 1231 2512 Boniuricis,

108 2546 151 2595 eo
173 2524 258 2616 quod
280 2525 342 2596 viru
366 2528 476 2616 agendi
504 2526 653 2597 creaturis
675 2525 818 2614 largitur,
843 2526 942 2615 magis
963 2524 1122 2615 magisque
1137 2526 1235 2596 mani·

109 2629 300 2702 iestal.Hinc
321 2651 478 2721 perperam
501 2652 538 2699 ex
563 2632 682 2719 prolulo
702 2628 854 2700 axiomate
876 2629 1027 2719 colligunt
1054 2628 1235 2702 Occasiona-

107 2735 200 2806 listae
224 2734 335 2805 irustru
358 2755 375 2802 a
400 2734 463 2804 Deo
490 2733 628 2804 adhiberi
655 2753 761 2803 causas
791 2734 941 2806 secundas
954 2735 982 2806 ⁴.
1006 2734 1149 2826 Rursus,
1173 2757 1237 2809 nou

108 2847 215 2929 potest
237 2857 255 2905 a
276 2837 340 2908 sola
363 2857 453 2907 causa
476 2837 573 2927 prime
601 2836 762 2926 procedere
783 2833 864 2906 actio
887 2835 980 2907 libere
1003 2836 1145 2928 hominis,
1169 2859 1233 2911 ser·

107 2950 181 3009 ueta
203 2938 336 3011 hominis
359 2939 514 3031 libertate',
537 2937 673 3031 alioquin
696 2939 790 3010 simul
812 2947 897 3026 esset
913 2938 1035 3029 libera,
1059 2952 1090 3011 et
1112 2963 1175 3011 nou
1197 2939 1233 3011 li·

105 3042 195 3113 hera.

157 3142 227 3212 XX.
252 3142 409 3223 Qutnuuru
432 3161 564 3216 ntclrcn
587 3162 631 3214 nu
655 3160 890 3232 pertundens,
924 3161 1055 3216 ulctrun
1078 3164 1121 3214 uu
1142 3163 1233 3218 eurr*

109 3266 202 3319 utro.
227 3245 292 3316 lloc
313 3267 419 3317 rerum
442 3256 490 3316 est
511 3243 741 3336 depraedicans
767 3244 911 3330 realibus
927 3267 991 3317 nou
1007 3245 1080 3319 itern
1095 3248 1133 3319 de
1148 3270 1231 3338 prae·

110 3347 223 3418 dicatis
245 3349 382 3436 rationis,
407 3348 471 3419 sive
496 3349 743 3422 intentionalibus
756 3350 782 3417 ⁵.
808 3349 879 3420 Nou
899 3350 983 3420 onim
1006 3362 1088 3421 recte
1109 3352 1233 3423 dixeris:

108 3447 257 3521 Belinitio
277 3460 323 3520 est
352 3452 461 3521 modus
490 3450 623 3541 sciendi5
647 3473 724 3542 ergo
745 3465 777 3523 et
797 3451 970 3523 definitum.
995 3453 1124 3544 iusuper
1147 3452 1233 3523 intel·

109 3550 272 3643 ligeudum
293 3564 340 3624 est
360 3555 398 3624 de
420 3554 479 3642 iis,
514 3574 593 3645 quae
613 3554 806 3642 definitioni,
833 3555 878 3625 rel
900 3553 1027 3626 definito
1045 3557 1234 3627 conveniunt

106 3655 214 3747 quoad
239 3676 303 3725 reru
325 3657 522 3740 substratum,
539 3679 599 3748 qua
630 3655 748 3728 ratione
771 3679 870 3727 unum
893 3669 978 3742 suuis
1004 3657 1127 3746 perinde
1149 3657 1232 3730 enirn

104 3770 168 3851 est,
193 3757 221 3830 si
242 3759 354 3830 dicam:
379 3762 474 3831 horno
499 3761 608 3845 currit3
623 3781 658 3831 ec
681 3762 709 3833 si
730 3762 844 3832 animal
867 3762 1015 3834 rationale
1029 3762 1139 3847 currit;
1165 3785 1230 3836 non

139 4007 168 4078 ι)
186 4006 226 4067 Ci
239 4024 266 4081 p.
284 4005 412 4090 ΜΛ)
431 4009 494 4068 Vid.
514 4025 538 4068 s.
558 4011 675 4082 thom„
693 4008 717 4079 l,
736 4026 765 4081 q.
785 4008 845 4080 CX,
865 4025 894 4068 e.
913 4006 931 4064 2
949 4005 987 4063 ud
1004 4004 1035 4064 2.

143 4091 1071 4172 nsnnunnunmmxwffnffianm

141 4181 171 4249 ⁴)
189 4177 254 4237 vid.
273 4197 300 4250 p.
321 4181 416 4240 rt-rs.

146 4269 172 4341 ⁵}
193 4265 269 4339 Quid
287 4269 359 4331 herc
378 4287 435 4333 uox
454 4268 608 4347 significet,
627 4269 686 4335 rid.
705 4282 734 4345 p.
756 4265 819 4331 tlt.

643 4434 777 4492 effla
