2760 4770
119 424 190 494 dnm
216 427 392 497 relationem
416 427 561 513 involvat,
585 446 664 514 quae
687 425 719 493 in
743 425 836 493 altera
852 444 914 493 non
930 425 1122 517 exprimitur,
1140 431 1243 525 euius-

120 528 205 596 modi
228 539 302 599 sunt
323 524 418 600 Deras
427 540 458 598 et
486 529 624 599 Creator.
648 526 716 596 lluo
739 537 852 614 spectat
873 527 1056 597 distinctio
1049 542 1126 599 mter
1141 518 1243 600 termi-

118 642 198 698 num
220 630 390 702 absolutum
412 643 442 701 et
464 632 720 712 condelabrum
745 631 795 698 ille
819 632 1032 701 tantummodo
1055 653 1131 719 rem
1148 655 1177 704 e
1194 656 1242 724 g„

118 730 214 818 Dens,
238 731 365 822 bomo,
358 744 414 804 rste
436 746 539 803 eutem
564 755 630 819 rem
653 754 715 800 una
738 753 811 801 eum
834 732 977 802 relatione
999 736 1035 802 ad
1059 688 1141 803 aliuil
1157 738 1243 806 exbi-

119 833 182 921 bet,
206 858 234 907 e.
262 859 307 926 g.,
339 836 474 924 Creator,
501 847 619 926 praeter
640 830 792 911 actionem
816 835 983 922 Divinam,
1011 837 1155 928 quaeest
1179 839 1242 928 ipsa

119 938 260 1007 Essentia
283 938 400 1026 Divina,
426 950 519 1030 quom
545 941 704 1030 praecipue
735 938 913 1027 signifieat,
940 938 1115 1024 relationem
1151 939 1244 1010 bidus

119 1038 248 1109 actionis
271 1042 308 1108 ad
331 1042 485 1111 'creaturas
508 1041 632 1112 indicat.
659 1040 778 1109 Exinde
809 1063 836 1109 s.
861 1038 1072 1108 Beneventum
1097 1042 1245 1110 fallaciam

119 1137 214 1210 buius
236 1143 419 1231 argumenti,
452 1142 573 1212 Creolio
589 1151 631 1211 est
647 1142 724 1210 dello
743 1144 867 1228 Divitia,
886 1154 940 1209 sete
955 1143 1047 1224 Deum
1064 1146 1150 1232 etqui
1163 1146 1246 1213 Dens

122 1252 165 1310 est
186 1250 340 1327 aeternus·
362 1267 434 1334 erpo
456 1246 568 1314 creatio
591 1252 633 1313 est
656 1251 801 1330 aelerna,
825 1244 967 1313 ostendit:
986 1264 1057 1311 nam
1084 1266 1100 1309 t
1118 1245 1244 1334 aliquid,

122 1345 205 1434 quod
228 1357 275 1414 est
296 1357 454 1416 aeternum
478 1348 595 1415 ratione
625 1345 797 1436 principalis
826 1344 1012 1434 significati,
1036 1347 1134 1431 idest,
1158 1349 1243 1436 quod

123 1455 170 1512 est
192 1447 306 1537 aliquid
341 1463 509 1535 aeternum,
535 1450 651 1533 ratione
674 1447 829 1517 connotati
856 1446 967 1515 dieitur
988 1450 1183 1536 temporale¹
1211 1473 1241 1518 n.

123 1548 273 1636 Ampliori
297 1562 400 1618 aulem
422 1571 514 1620 sensu
540 1547 689 1618 terminus
711 1544 862 1619 obsoletus
883 1546 1071 1637 dieitu1·,qui
1087 1550 1248 1638 signifieat

124 1650 239 1738 aliquid
264 1652 359 1721 instar
383 1675 454 1769 per.
459 1673 490 1721 se
514 1653 633 1736 stantis,
658 1673 687 1721 e.
713 1673 760 1740 g.‚
784 1651 886 1736 bomo,
913 1651 1044 1720 bestilia:
1072 1651 1185 1718 Connet
1174 1654 1245 1718 teti-

124 1773 193 1838 am,
218 1754 268 1842 qni
285 1755 405 1846 aliquid
430 1754 478 1824 sio
458 1745 612 1845 gnilieat
604 1767 701 1824 instar
720 1754 892 1842 adiacentis,
908 1773 937 1822 e.
952 1773 1190 1886 g.,eorporens
1214 1775 1248 1819 a·

124 1855 273 1923 nintolus.

174 1949 208 2025 ιῑ.
237 1957 461 2030 nasonurn-
478 1959 729 2030 Darnnoenrea.
769 1958 852 2029 Idem
874 1959 936 2028 lere
959 1960 1059 2069 valent
1079 1979 1115 2027 ue
1139 1959 1248 2029 Essen-

125 2057 240 2126 realiter
250 2098 294 2110 -
308 2062 567 2152 Partbipelioe.
541 2060 554 2098 ²

176 2159 226 2229 l'.l
251 2160 422 2233 nasorum
433 2194 478 2214 -ὴ
490 2162 549 2235 Hic
574 2183 615 2233 ur
631 2181 730 2233 nune.
746 2157 885 2231 Absolute
898 2159 1065 2251 quidquam
1083 2171 1248 2252 spectatur,

127 2262 153 2329 si
179 2263 294 2332 nullius
316 2264 451 2333 adiuncti
474 2264 785 2334 rationationem
807 2271 836 2332 el
858 2283 950 2350 otene,
976 2264 1001 2332 si
1017 2262 1120 2335 omnia
1143 2264 1252 2335 adiun-

125 2374 185 2449 eta,
210 2374 281 2451 puta
306 2366 374 2453 loci,
399 2366 565 2455 temporis,
590 2367 724 2454 aliaque,
749 2387 828 2453 quae
848 2387 936 2433 nune
959 2364 991 2432 in
1013 2387 1047 2434 re
1068 2379 1248 2453 occurrunt,

130 2465 345 2555 inspiciuntur.
373 2469 414 2536 lta
437 2476 548 2537 datura
571 2468 614 2537 rei
637 2467 802 2536 materialis
824 2468 862 2534 ab
885 2468 1040 2536 intellectu
1062 2462 1209 2550 obsolo'le3
1234 2489 1252 2535 a

130 2587 223 2637 sensu
246 2590 263 2637 e
286 2571 452 2656 contrario,
468 2581 560 2669 prout
582 2589 616 2636 ea
639 2579 684 2636 est
707 2567 756 2635 bie
778 2578 809 2637 et
824 2588 917 2656 nune,
930 2568 1076 2656 cognosci
1099 2569 1209 2637 dicitur
1226 2569 1250 2637 ³.

131 2667 175 2736 lta
197 2671 287 2740 etiam
310 2666 478 2741 ambulatio
501 2662 631 2740 obsolute
664 2675 796 2761 spectato
817 2681 864 2740 est
886 2669 1036 2761 quaedam
1057 2672 1144 2740 aetio
1156 2672 1253 2758 indif-

130 2772 243 2856 (erenq
266 2775 436 2844 ambulatio
457 2786 562 2844 autem
585 2774 675 2843 Petri
686 2773 735 2843 bie
756 2783 787 2841 et
808 2782 891 2842 nune
914 2782 1017 2913 potest·
1026 2793 1093 2845 esse
1115 2775 1254 2863 praemio

132 2874 239 2961 digna.

140 2976 243 3046 ·.llll
268 2976 730 3048 nasonnnnu-ltrmmance.
756 2977 897 3048 Absolute
909 2994 1113 3046 neeessariam
1139 2998 1155 3042 r
1180 2977 1256 3047 diei-

135 3087 189 3145 tur
210 3079 294 3166 quod
314 3089 360 3147 est
382 3078 585 3148 necessarium
610 3099 662 3169 per
684 3077 727 3171 id,
751 3079 836 3168 quod
866 3078 901 3147 in
917 3078 1052 3149 essentia
1075 3101 1130 3149 sua
1153 3092 1199 3149 est
1224 3104 1256 3150 n.

136 3179 203 3248 lloe
225 3170 329 3250 autem
350 3182 462 3270 duplex
485 3188 545 3266 est,
569 3194 679 3270 nempe
701 3181 757 3248 vel·
771 3180 961 3267 huiusmodi,
979 3191 1015 3247 ut
1030 3180 1139 3250 babeat
1153 3203 1258 3252 neces-

138 3283 271 3369 sitalem,
296 3293 328 3353 et
350 3305 411 3353 esse
433 3284 472 3351 ab
496 3282 568 3365 alio;
591 3303 621 3350 e.
646 3304 693 3371 g.,
718 3281 874 3351 hominem
896 3287 963 3352 esse
983 3281 1185 3366 rationalem3
1208 3283 1257 3350 uel

136 3384 329 3470 huiusmodi,
355 3397 390 3452 ut
412 3385 479 3452 eius
502 3382 661 3451 necessitas
684 3402 746 3449 non
769 3384 933 3473 dependeat
947 3383 985 3451 ab
1000 3382 1071 3467 alio,
1089 3384 1141 3453 sed
1157 3385 1258 3474 ipsum

138 3490 179 3558 sit
199 3509 290 3558 eausa
312 3491 499 3577 necessitatis
520 3488 549 3557 in
572 3488 716 3556 omnibus
739 3489 924 3572 recesserita
950 3500 981 3558 et
1004 3491 1059 3558 bae
1074 3491 1192 3559 ratione
1207 3511 1257 3560 εο-
1288 3573 1293 3582 ⁸

140 3593 189 3657 lus
212 3590 291 3659 [leus
313 3603 359 3660 est
380 3593 513 3662 obsolute
527 3593 712 3661 necessarius
727 3593 754 3660 ⁴.
772 3590 968 3681 lbppotdelie'e
990 3595 1192 3659 necessarium
1214 3603 1262 3659 est

139 3691 236 3781 quod,
260 3704 391 3780 spectata
414 3695 457 3763 rei
480 3706 611 3783 natura,
635 3695 726 3762 aliter
748 3715 831 3782 esse,
855 3704 886 3762 et
909 3693 1028 3762 evenire
1050 3705 1175 3783 potest;
1200 3707 1259 3779 ast,

139 3793 241 3882 aliqua
270 3793 368 3882 posita
391 3795 592 3885 conditione,
628 3797 799 3866 necessario
833 3794 959 3883 evenit,
984 3807 1015 3865 et
1038 3796 1088 3863 ita·
1104 3817 1135 3865 se
1158 3798 1259 3866 babet.

763 3894 772 3921 ,
957 3895 961 3903 .
1133 3900 1136 3905 .

176 3983 201 4054 ¹)
220 3984 249 4040 ln
270 3986 318 4042 lib.
340 3987 351 4040 l
372 3990 464 4059 Sene,
482 3988 551 4045 Dist.
572 3987 664 4060 XXX,
683 4004 710 4044 a.
733 3980 760 4060 l,
779 4007 807 4061 q.
827 3988 840 4044 l
857 3988 897 4047 ed
914 4004 982 4060 erp.

175 4068 201 4134 ²)
221 4070 282 4125 vid.
304 4074 355 4128 bas
374 4091 470 4144 voees,
490 4075 543 4130 litt.
563 4077 594 4130 Β.

80 4202 85 4213 .
178 4149 201 4224 ³)
220 4154 289 4210 lllno
310 4158 457 4230 intelligis,
475 4159 541 4228 quid
561 4159 612 4214 sibl
634 4158 712 4226 velit,
727 4152 902 4214 intellectum
924 4150 1093 4214 abstrahere
1111 4154 1150 4212 ed
1168 4154 1215 4213 bie
1233 4167 1261 4214 et
1356 4182 1357 4185 ¹

137 4255 228 4296 nune.
250 4241 312 4295 vid.
337 4245 505 4300 Intellectus
522 4245 664 4301 abstrudit
682 4262 702 4301 a
719 4247 856 4312 materia,
876 4245 927 4306 litt.
952 4247 976 4298 l.

173 4324 882 4400 plunbtsem,uts1.vt,q.t,a.leot.

1101 4406 1122 4441 ὓ
