2760 4770
124 385 226 446 tanam
252 388 305 468 per
328 379 456 450 alterurn
481 379 641 472 probatum
668 390 703 448 ut
719 379 743 449 si
759 374 933 469 quisdicat,
958 378 1098 449 Socrates
1118 386 1166 448 est
1187 378 1245 448 bo·

118 499 187 566 mo,
213 481 282 567 quia
305 491 352 552 est
375 481 543 564 rationalis;
568 492 615 551 εει
638 482 806 569 rationalis,
829 481 902 571 quia
924 495 971 552 εει
993 483 1100 551 bomo.

169 582 218 650 Vt.
252 585 507 657 bauonsrnarro
543 591 693 657 rnorran
729 605 804 663 ouro
833 623 877 637 -
902 606 993 679 oum
1022 583 1247 654 Βεειεηειεαιίο

119 683 197 771 quia
218 685 329 754 dicitur
351 709 429 775 quae
450 690 551 756 solum
577 689 685 775 probat
707 685 926 756 admittendam
940 709 1015 758 esse
1036 687 1168 775 aliquam
1193 705 1244 752 rc·

121 785 256 854 ritatem.
271 789 495 857 neocastrum
514 789 731 880 proptenqarid
747 788 1081 879 investigatpropriam
1105 809 1241 875 oausam,
1327 872 1331 878 Ι

122 886 165 954 ob
187 910 279 976 quam
305 890 354 959 illa
389 891 573 959 admittenda
609 890 658 960 sit.
695 890 850 970 Quocirca·
875 890 1095 959 demonstratio
1115 895 1244 980 propter

121 991 200 1077 quid
220 1011 342 1059 oausam
367 992 536 1080 proximam
560 1003 590 1059 et
612 992 808 1080 adaequatam
843 993 995 1075 assumit3
1024 988 1245 1060 demonstratio

120 1101 224 1159 autem
248 1095 321 1181 quio
344 1097 390 1162 rel
412 1115 448 1163 ex
476 1095 632 1163 clientibus
666 1093 890 1184 proficiscitur,
925 1097 973 1165 vel
999 1117 1036 1163 ex
1058 1093 1157 1165 causis
1179 1111 1244 1159 non

120 1192 306 1262 immediatis
328 1206 358 1263 et
382 1194 540 1283 proximis
558 1196 608 1264 sed
627 1197 762 1283 remotis,
780 1217 858 1285 quae
873 1195 1007 1268 veritatis
1030 1197 1245 1264 demonstran·

121 1292 179 1363 dae
202 1294 401 1364 determinata
422 1296 507 1365 radix
534 1318 596 1366 non
620 1307 715 1380 suut;
752 1308 787 1365 ut
810 1296 834 1364 si
858 1296 927 1385 quis
951 1297 1089 1384 probaret
1110 1295 1241 1386 lapidem

119 1416 185 1462 non
208 1397 364 1485 respirare,
388 1397 457 1486 quia
481 1419 542 1466 non
565 1409 611 1466 εει
623 1400 745 1484 animal,
767 1419 890 1468 oausam
915 1403 1064 1493 remotam
1087 1398 1238 1483 redderet3

119 1517 195 1564 narn
219 1519 307 1565 causa
333 1500 467 1587 proxima
492 1499 603 1568 dicitur
624 1522 660 1568 ex
684 1522 744 1588 qua
766 1498 850 1569 omui
872 1512 903 1568 ει
926 1502 989 1569 sola
1014 1501 1148 1586 procedit
1169 1500 1241 1569 elie-

118 1608 202 1680 otus;
227 1620 288 1668 rma
308 1603 461 1691 respirare
483 1613 584 1671 autem
621 1622 684 1670 non
707 1603 744 1672 de
766 1604 830 1672 solo
845 1623 915 1672 nore
937 1603 1069 1670 urcimoli
1090 1601 1259 1692 praedica·-

119 1710 185 1788 tur,
211 1724 282 1770 eum
305 1703 406 1792 aliqua
423 1704 484 1774 sint
498 1706 651 1792 animatia,
669 1727 747 1793 quae
764 1727 825 1774 non
842 1707 1001 1794 respirant.
1030 1706 1053 1773 E
1077 1705 1242 1792 contrario,

119 1806 267 1894 quoniam
284 1829 373 1876 causa
398 1809 516 1896 propria
534 1830 595 1878 aron
612 1811 786 1899 respirandi
799 1809 837 1878 sit
851 1829 914 1877 raon
930 1809 1038 1876 laudere
1052 1809 1240 1896 pulmonem

121 1909 412 2003 demonstrationem
435 1919 561 2002 propter
585 1914 658 2002 quid
671 1915 845 1998 conticeret,
871 1914 923 2000 qui
948 1912 1077 2001 lapidem
1102 1911 1244 2002 probaret

118 2031 183 2079 non
206 2013 359 2102 respirare
379 2035 417 2081 eo
439 2017 533 2103 quod,
548 2037 620 2085 cum
635 2035 698 2084 non
714 2016 754 2084 sit
775 2015 898 2102 animal,
923 2035 983 2082 non
1008 2016 1098 2082 babet
1121 2013 1241 2102 pulmo·

120 2134 206 2182 nem.
231 2113 311 2182 Hine
333 2119 435 2184 omnis
457 2116 676 2185 demonstratio
698 2138 720 2185 a
739 2118 1080 2207 pascendamque,
1105 2116 1156 2184 sed
1179 2133 1245 2182 non

120 2235 139 2283 e
163 2217 328 2285 contrario.
355 2217 435 2285 Nam
468 2218 692 2289 demonstratio
722 2220 797 2308 quio
819 2221 920 2288 solum
944 2220 1084 2288 consistit
1107 2218 1242 2302 iubos,

118 2319 202 2405 quod
226 2320 396 2389 ostenditur
419 2323 540 2410 veritas,
565 2343 628 2391 non
651 2333 755 2390 autem
777 2322 859 2389 illius
881 2322 1002 2411 propria
1030 2331 1061 2389 et
1083 2319 1242 2388 immedia-

119 2434 152 2488 ta
175 2424 273 2504 radix;
297 2423 357 2491 iam
381 2424 444 2492 dari
468 2427 602 2514 aliquam
626 2424 784 2493 raritatem
812 2436 910 2515 potest
938 2424 1102 2512 aliquando
1124 2421 1242 2493 ostendi

120 2543 175 2610 per
198 2524 311 2613 aliquid
336 2529 498 2616 posteriuS,
523 2527 636 2596 scilicet
659 2547 713 2618 per
735 2526 899 2608 ellectum3
924 2525 1086 2614 aliquando
1113 2546 1166 2616 per
1187 2523 1243 2592 ali·

118 2624 195 2714 quid
221 2627 317 2716 prius,
334 2627 448 2698 scilicet
464 2651 518 2719 per
530 2649 652 2697 oausam
669 2637 831 2696 remotam.
848 2626 1038 2717 Qampropter
1056 2648 1118 2698 non
1141 2625 1244 2697 omnis

120 2732 343 2803 demonstratio
365 2736 439 2823 qrra'u
461 2746 507 2803 est
529 2755 550 2802 u
577 2734 759 2824 posteriori,
792 2731 869 2800 idest
889 2748 926 2800 ex
948 2731 1085 2816 ellectu,
1114 2729 1166 2798 sed
1188 2726 1244 2797 ali·

118 2835 244 2924 quando
268 2835 304 2902 ιιι
326 2857 379 2925 per
400 2836 512 2926 aliquid
537 2835 634 2924 prino,
660 2833 773 2903 scilicet
795 2854 849 2920 per
871 2852 993 2902 causam
1018 2827 1178 2901 remotam.
1204 2830 1244 2908 dt

122 2959 196 3006 vcro
217 2937 319 3008 omnis
342 2939 560 3008 demonstratio
572 2943 700 3028 propter
714 2936 789 3024 quid
804 2956 923 3025 semper
938 2945 983 3004 est
999 2957 1019 3003 a
1037 2937 1149 3024 pulcri,
1172 2933 1246 3022 qnia

121 3059 244 3127 semper
267 3042 301 3108 nt
325 3061 377 3129 per
398 3063 532 3130 causam,
558 3061 686 3129 eamque
710 3038 880 3128 proximam
903 3047 934 3105 et
957 3037 1172 3106 immediatam.

167 3141 233 3209 Vll.
259 3140 456 3214 barcuoaao
482 3158 901 3214 sruaurcrrna-sneunonn
928 3147 1018 3219 burn.
1055 3139 1191 3209 Primum
1215 3138 1242 3208 i·

120 3243 193 3310 dem
218 3245 306 3332 ualet,
330 3267 365 3313 ac
387 3245 522 3335 accipere
543 3247 582 3314 ab
605 3244 665 3314 alio
687 3241 847 3314 essentiam
871 3244 978 3312 saltem
995 3263 1126 3314 numero
1141 3244 1239 3313 direr-

120 3365 201 3427 sam3
224 3365 254 3413 e.
279 3369 324 3436 g.‚
349 3347 520 3416 Alexander
543 3347 688 3435 pendete
712 3343 866 3435 Philippo.
898 3343 977 3412 Hinc
1001 3344 1134 3412 Verbum
1160 3344 1242 3415 llini-

121 3468 199 3515 num
223 3469 285 3517 non
308 3450 456 3537 pendete
482 3450 578 3536 Patre,
602 3460 649 3517 εει
677 3447 759 3516 enim
782 3444 1039 3516 consubstantiale
1062 3445 1155 3533 Patri,
1170 3467 1240 3538 pro·

123 3546 254 3639 indeque
276 3541 425 3639 partitumq
450 3573 512 3621 uon
532 3554 660 3639 [odorra
682 3551 822 3618 Alterum
842 3569 912 3622 vero
936 3546 1087 3636 significat
1110 3548 1245 3636 accipere

120 3650 259 3718 accidens
295 3653 334 3721 ab
356 3655 427 3724 alio.
470 3653 511 3721 lta
535 3675 586 3721 aer
610 3663 730 3721 tantum
756 3652 922 3720 sectandum
952 3650 1027 3739 quid
1049 3651 1198 3749 dependet
1225 3669 1242 3719 a

122 3753 210 3836 sole,
235 3773 251 3819 a
273 3773 336 3842 qno
358 3754 465 3844 accipit
488 3757 618 3842 lumen,
643 3753 724 3822 unde
746 3762 876 3823 nonest
904 3753 1029 3821 allectus
1052 3751 1137 3820 solis.
1192 3791 1202 3797 -

171 3852 247 3923 lllll.
275 3855 396 3926 bronna
420 3856 632 3926 ro-llraaaa
655 3877 701 3925 ru.
719 3854 891 3924 Occurrunt
908 3854 964 3922 bae
981 3872 1079 3939 voces,
1095 3873 1166 3919 cunr
1183 3872 1246 3920 ser·

119 3975 175 4024 ruo
198 3966 244 4026 est
267 3960 305 4027 de
330 3958 538 4029 relationibus.
565 3959 673 4028 Iliacas
688 3958 730 4026 od
744 3966 791 4027 est
806 3957 921 4042 relatio,
941 3965 1030 4045 prout
1047 3954 1168 4042 respicit
1185 3967 1245 4023 ter·

121 4059 258 4131 rninuur.
277 4062 387 4131 Dicens
408 4064 442 4130 iu
457 4063 625 4151 appellatur
642 4058 756 4144 relatio,
774 4066 865 4146 prout
887 4068 934 4126 est
958 4057 987 4126 in
1003 4056 1243 4146 subiectqu„

122 4161 289 4230 l‘aternitas
312 4164 343 4231 in
369 4165 576 4254 propersonae
594 4159 817 4231 torrissem-ni
842 4169 993 4250 spectator
1016 4159 1075 4225 sub
1097 4171 1243 4246 conceptu

120 4267 169 4351 in3
194 4279 344 4356 quatenus
368 4265 570 4336 autemdicit
593 4263 785 4334 ordinem-ad
804 4263 827 4331 F
829 4261 915 4330 iliurn
933 4281 1023 4330 suurn
1048 4262 1242 4347 comulatam¹
