2760 4770
611 287 656 303 -
679 249 704 320 tt
727 285 772 301 -·
1135 249 1206 324 tlt

141 367 143 371 ’
178 363 299 435 Exinde
321 365 398 435 illud
420 364 512 436 insert
534 389 561 438 s.
587 358 733 456 Thomas,
758 367 841 456 quod
864 366 895 436 in
918 365 1040 439 Christo
1063 388 1163 439 unum
1186 380 1255 438 tan*-

130 477 202 535 tum
225 467 272 538 sit.
286 489 358 540 εεεε.
385 468 463 538 Nam
489 488 504 536 ι
531 470 625 538 εειεε
648 489 712 538 non
735 479 781 537 est
804 467 862 537 nisi
887 490 984 539 unum
1007 461 1084 560 esse,
1102 471 1152 540 sed
1168 473 1255 542 Chri·

130 579 200 637 stus
222 582 270 639 est
296 582 395 640 ¹ranam
419 594 482 640 esse
515 581 632 641 tantum
658 573 669 612 ¹
696 597 725 643 a.
767 569 877 640 Subdit
904 584 1030 642 eutem:
1059 597 1074 638 ι
1101 574 1158 642 Sed
1193 595 1255 643 non

130 681 178 740 est
202 673 430 764 inconveniens,
454 675 536 764 quod
559 697 625 744 esse
644 674 738 743 unius
751 675 945 744 subsistentis
960 676 1000 743 sit
1018 699 1070 767 per
1082 688 1252 767 respectum

126 775 170 841 ad
193 776 291 863 plura:
317 776 398 847 sicut
418 799 483 848 esse
511 777 589 846 Petri
612 787 660 846 εει
683 798 792 864 unum,
818 778 934 846 hahens
956 773 1059 848 tamen
1082 792 1254 870 respectum

132 876 170 942 ad
192 876 309 947 diversa
331 878 476 970 principia
499 879 716 950 constituentia
739 881 859 969 ipsum;
884 889 914 947 ει
935 880 1075 950 similiter
1090 904 1147 952 suo
1162 887 1255 954 modo

130 1005 232 1055 unum
256 1007 321 1058 esse
343 989 452 1059 Christi
468 989 566 1058 lralret
587 989 665 1059 duos
695 998 858 1078 respectus,
875 1009 974 1057 unum
989 988 1026 1057 ad
1041 997 1181 1058 naturam
1196 989 1254 1092 hu·
1365 1031 1374 1036 -

129 1100 265 1182 menam,
291 1095 418 1163 alterum
443 1093 639 1163 oddilinam
663 1091 676 1130 ²
701 1117 731 1164 a.
832 1104 841 1119 ··
1234 1176 1237 1181 .

176 1192 256 1262 lllll.
281 1195 482 1268 ttrrsrrrrn
496 1215 609 1281 Ιεεεει
626 1215 891 1269 raoroarronaru
916 1215 980 1266 auu
1003 1195 1253 1282 enarraremus

129 1313 225 1365 curus
248 1317 308 1368 εει
332 1318 539 1370 exterarum.
564 1292 630 1367 Hac
655 1298 779 1366 effatum
802 1297 1012 1388 accipiendum
1026 1307 1072 1366 est
1086 1301 1187 1387 quoad
1204 1321 1253 1366 ra-

128 1396 246 1464 tionem
270 1394 465 1468 communem
489 1397 686 1486 substantiae,
707 1409 738 1468 et
761 1400 935 1487 accidentia,
955 1400 995 1468 ita
1010 1421 1131 1488 nempe,
1148 1411 1184 1469 ει
1199 1423 1252 1470 en-

129 1499 203 1567 titas
223 1501 431 1570 substantialis
454 1512 519 1572 non
543 1500 636 1591 possit
659 1522 713 1590 per
741 1503 932 1572 existentiam
959 1502 1173 1572 accidentalem
1188 1508 1252 1572 ειι-
1287 1566 1290 1572 .

124 1612 222 1685 stare,
244 1623 342 1692 neque
369 1604 479 1672 entitas
507 1603 699 1674 accidentalis
723 1625 775 1692 per·
796 1605 990 1674 existentiam
1009 1603 1250 1688 substantialem,
1277 1691 1281 1697 ἢ

126 1724 192 1773 non
215 1715 316 1774 autem
340 1706 440 1795 quoad
462 1706 537 1775 alias
561 1705 724 1792 peculiares
747 1706 888 1794 tationes,
903 1729 972 1775 naar
990 1706 1022 1775 in
1045 1705 1170 1775 homine
1184 1726 1253 1776 eor-

127 1827 188 1895 pus
209 1806 312 1876 existit
329 1803 388 1896 'per
408 1805 599 1891 existentiam
621 1805 762 1896 animae,
791 1820 937 1897 quaeest
958 1804 1147 1896 spiritualis,
1172 1807 1251 1878 sicut

123 1917 172 1976 est
193 1906 259 1978 eius
280 1909 419 1981 essentia.

121 2027 124 2031 ·
175 2008 240 2077 llll.
274 2009 322 2077 Ex
345 2032 453 2082 ειιιιιο
485 2029 573 2080 utura
597 2031 662 2080 ιιι.
695 2009 761 2078 Ηοε
788 2011 919 2080 ειιειειε
955 2011 1120 2102 perspicuis
1153 2015 1252 2085 verbis

126 2111 295 2199 explicatur
316 2134 334 2181 a
357 2135 382 2181 ε.
409 2113 640 2182 Beneventum:
671 2135 685 2176 ι
711 2113 790 2181 Cum
820 2114 933 2182 dicitur
954 2136 991 2183 ex
1019 2114 1116 2184 nihilo
1138 2115 1252 2207 aliquid

128 2215 217 2298 lieri,
242 2224 341 2302 potest
362 2216 492 2306 intelligi
522 2215 702 2305 tripliciter,
726 2226 781 2283 aut
802 2216 1021 2304 materialiter,
1052 2228 1088 2285 ut
1109 2239 1146 2286 ex
1171 2219 1250 2286 ferro

126 2318 279 2403 cultellus,
304 2330 357 2387 aut
380 2319 549 2405 causaliter,
575 2330 609 2387 ει
632 2340 670 2387 ex
695 2328 778 2405 patre
801 2319 903 2405 lilius,
926 2330 980 2387 aut
1002 2320 1190 2407 ordinaliter,
1216 2334 1250 2389 ut

125 2419 164 2484 de
186 2438 276 2489 mane
300 2421 336 2488 ιιι
358 2421 510 2490 nmridies.
536 2421 646 2491 Primis
669 2420 791 2488 duobus
819 2419 919 2487 modis
942 2441 1048 2488 verum
1064 2431 1127 2508 est,
1145 2444 1183 2490 ex
1200 2423 1248 2489 ni-

126 2517 190 2586 lrilo
214 2519 291 2589 nilril
315 2521 393 2603 steri;
424 2521 514 2591 tertio
537 2522 630 2589 modo
652 2542 757 2590 verum
772 2530 825 2588 εει
839 2521 1008 2589 secundum
1023 2532 1179 2609 naturam,
1197 2525 1249 2592 sed

125 2621 236 2689 salsum
261 2645 352 2713 supra
374 2634 528 2706 naturam3
554 2644 606 2712 per
634 2621 780 2693 virtutem
802 2619 885 2689 enim
910 2619 1073 2710 inlinitum,
1091 2646 1169 2712 quae
1184 2649 1249 2696 non

124 2723 240 2814 ins-liget
263 2726 441 2797 fulcimento
465 2727 618 2813 materiae,
648 2726 690 2794 ita
713 2723 841 2799 faciliter
863 2731 961 2813 potest
982 2723 1097 2813 aliquid
1121 2727 1247 2817 produci

78 2851 80 2855 ·
124 2850 161 2896 ex
186 2828 294 2915 nilrilo,
320 2829 399 2900 sicut
421 2831 459 2899 de
482 2830 596 2918 aliquo,
620 2827 754 2916 alioquin
772 2848 833 2895 non
847 2837 928 2896 εεεει
944 2827 1040 2896 ειειεε
1056 2826 1144 2915 primi
1161 2829 1244 2918 priu-

124 2929 197 3019 cipii
221 2930 339 3001 infinita
354 2953 362 3013 ;
380 2932 431 3002 sed
448 2943 551 3020 egeret
578 2930 719 3000 materiae
740 2931 952 3015 fundamento,
977 2940 1007 2997 et
1030 2928 1098 2998 ideo
1121 2930 1165 2998 illi
1189 2930 1248 2999 vir·
1290 2964 1293 2970 ·

125 3033 187 3100 tuti
212 3033 268 3103 soli
290 3033 349 3101 hoc
362 3033 601 3102 attribuendum
628 3044 674 3101 est
696 3029 874 3116 necessario,
897 3028 1037 3119 quamvis
1059 3051 1123 3099 oon
1147 3047 1248 3120 posset

120 3137 287 3205 consimile
310 3135 432 3226 reperiri
455 3137 486 3203 in
502 3135 604 3224 aliquo
627 3145 738 3214 creat03
760 3134 819 3202 hoc
834 3131 916 3202 enim
931 3146 977 3202 εει
992 3133 1058 3201 ειεε
1075 3132 1246 3224 proprium,

124 3239 207 3308 sicut
228 3248 259 3307 ει
281 3239 344 3328 ipsa
367 3236 585 3326 omnipotentia
610 3236 621 3274 ³
648 3260 678 3304 ι.
706 3235 795 3319 Ηιεε,
819 3254 891 3302 cum
915 3255 963 3303 res
986 3256 1039 3323 per
1060 3235 1243 3308 creationem

120 3341 272 3409 dicuntur
295 3340 366 3428 steri]
388 3346 427 3408 ac
449 3337 566 3426 aidila,
592 3335 665 3403 illud
688 3357 728 3404 ea
748 3333 846 3402 aidila
867 3335 1098 3422 intelligendum
1122 3347 1169 3405 εει
1192 3356 1247 3404 εε-

119 3463 186 3531 que
208 3443 385 3526 causaliter,
411 3460 511 3530 noque
538 3439 748 3524 materialiter,
773 3436 824 3504 sed
847 3436 1038 3519 ordinaliter3
1063 3458 1173 3528 nempe
1196 3459 1249 3508 ne-

125 3553 216 3633 gatur
239 3543 317 3633 ipsas
340 3543 451 3611 habere
474 3539 613 3610 ordinem
636 3542 674 3608 ad
690 3540 821 3628 aliquam
838 3540 996 3607 materiam
1016 3540 1246 3629 praeiacentem,

121 3667 220 3734 aeque
243 3667 278 3714 ac
300 3645 338 3713 da
364 3653 483 3714 tacente
509 3642 643 3728 dicitur,
668 3643 719 3710 itte
740 3642 875 3732 loquitar
898 3642 936 3710 ale
957 3640 1054 3710 aidila
1069 3658 1081 3725 ;·
1103 3651 1133 3710 ει
1156 3643 1248 3711 simul

119 3747 269 3817 asseritur
290 3768 397 3818 aarum
412 3746 496 3816 -ord'o
510 3744 713 3832 ad'niltilum,
730 3756 882 3835 quatenus
896 3744 1041 3813 dicuntur
1058 3744 1168 3813 hahere
1184 3764 1248 3813 esee

118 3861 195 3941 post
217 3848 360 3940 nihilum,
385 3849 464 3920 sicut
486 3849 608 3937 dicitur,
640 3849 678 3918 de
703 3869 833 3938 paupere
856 3847 891 3914 ιιι
912 3846 1009 3934 dives,
1027 3851 1085 3935 nel,
1104 3846 1249 3936 demone

112 4143 117 4152 ¹
158 4082 184 4152 t)
203 4081 234 4137 lo
252 4079 301 4137 lib.
322 4040 355 4134 lll
375 4080 467 4153 Satan,
488 4079 558 4137 [list.
582 4079 628 4153 vl,
647 4097 676 4152 q.
697 4079 732 4152 ll,
751 4095 777 4137 a.
795 4077 813 4134 2
830 4079 881 4136 red
899 4089 1017 4138 eontra.

155 4170 181 4232 ²)
203 4166 292 4236 lota,
311 4166 367 4222 eol.

156 4251 182 4326 ³)
201 4250 233 4310 lo
251 4250 346 4323 lilatl
365 4250 459 4325 Sene,
478 4249 550 4310 Dist.
571 4247 595 4335 l,
611 4264 638 4323 p.
661 4245 685 4323 l,
705 4263 732 4308 a.
755 4245 780 4320 l,
801 4263 829 4322 q.
851 4245 861 4303 1
879 4245 922 4326 gat
939 4260 1007 4319 arp.
