2760 4770
135 351 285 442 temitos,
307 346 443 439 liliatio,
467 355 498 417 et
519 346 652 439 spiratio
674 349 890 440 pessimum
913 347 1076 422 includunt
1098 360 1204 421 umen
1227 349 1259 420 iu

130 479 187 529 sua
209 456 326 527 ratione
347 452 466 525 formali
488 451 710 544 oppositionem
735 453 913 543 relativam,
937 454 1016 524 sicut
1038 454 1108 525 illae
1130 454 1256 523 relatio

132 583 214 649 nes,
236 570 269 632 et
292 558 360 626 ideo
382 575 446 626 nou
468 552 612 625 dilieruut
639 554 721 626 iuter
742 577 786 648 se,
810 555 890 628 sicut
911 556 1095 649 Pateruitas,
1120 555 1257 646 Filiatio,

128 674 161 739 ei
183 661 315 754 spiratio
336 658 463 750 passiva.

146 828 149 832 τ
173 765 228 843 lll.
253 764 421 834 Ermcrus
445 779 616 833 uurtcters
638 779 788 834 ernust
804 781 1024 835 clarmuntem
1040 783 1105 835 nort
1122 782 1255 835 nustctr

131 889 153 940 ι
177 888 280 939 cansa
304 882 507 936 untrrusrut.
534 863 619 933 Sicut
640 865 720 933 euim
750 874 934 957 potestesse
956 866 1090 958 aliquid,
1116 868 1195 956 quin
1217 864 1277 934 sit'

131 973 241 1058 hemo,
266 971 312 1038 vel
335 968 456 1054 uirens,
482 986 546 1035 non
568 975 671 1036 autem
695 976 874 1056 potestesse
895 969 1021 1059 aliquid,
1037 968 1114 1060 quin
1130 970 1255 1057 silens,

128 1076 169 1146 ita
192 1083 291 1165 potest
322 1070 435 1161 aliquid
459 1069 524 1140 lieri
546 1081 631 1140 extra
658 1070 795 1140 ordinem
818 1092 932 1171 causae·
947 1070 1134 1162 particularis
1158 1091 1253 1161 agen-

129 1179 181 1266 tis,
207 1196 270 1247 nou
286 1185 389 1245 aulem
408 1185 494 1245 extra
512 1173 650 1244 ordinem
666 1194 774 1243 causac
789 1176 978 1263 universalis,
995 1175 1130 1264 subque
1145 1196 1255 1246 omnes

128 1299 237 1349 causae
259 1278 453 1369 particulares
475 1275 787 1364 comprehenduntur.
813 1276 1001 1365 Enimvero,
1031 1278 1058 1348 si
1080 1298 1143 1366 qua
1165 1296 1257 1346 causa

131 1381 323 1471 particularis
344 1377 466 1448 deficiet
487 1399 504 1446 a
526 1397 585 1448 suo
606 1376 737 1462 ellectu,
762 1375 820 1446 ltoc
846 1388 893 1448 est
921 1384 1042 1467 propter
1063 1379 1201 1467 aliquam
1224 1399 1256 1447 a·

131 1483 206 1554 liam
228 1503 354 1552 eausam
377 1479 587 1572 particularem
622 1478 860 1570 impedientem,
890 1501 969 1569 quae
999 1480 1189 1551 continetur
1202 1482 1258 1551 sub

130 1583 239 1654 ordine
261 1605 370 1654 causae
392 1581 585 1663 universalis
602 1581 744 1672 quocirca
766 1581 893 1654 effectus
908 1581 1047 1652 ordinem
1062 1605 1172 1656 causae
1188 1585 1255 1656 uni-

128 1684 253 1769 versalis
274 1687 362 1757 nullo
384 1685 478 1756 modo
502 1685 704 1775 praetergredi
729 1694 839 1773 potest.

174 1787 223 1856 Ειι
245 1789 307 1860 hoc
329 1785 470 1857 inserts.
493 1786 630 1858 'ihomas
651 1786 838 1876 impossibile
859 1806 935 1907 esse,
959 1797 994 1859 ιιι
1016 1787 1125 1860 iiivina
1147 1777 1257 1862 voluu-

129 1898 176 1960 tas
197 1891 338 1960 effectum
362 1911 456 1960 suum
478 1910 542 1961 uon
565 1890 820 1980 consequatur.

175 1991 226 2060 tv.
252 1993 422 2065 Errucrus
447 2012 665 2064 essmtmruu
688 2002 814 2064 causae
837 2012 956 2065 rcunrr
979 1991 1004 2062 ².

174 2093 210 2163 ll.
236 2093 407 2167 Errucrns
431 2115 494 2167 ιιι
517 2114 700 2167 rosrsmon
725 2116 785 2166 sua
810 2115 912 2166 cluse
936 2097 959 2165 ³.

175 2195 226 2264 tt.
252 2188 421 2270 Errucrus
445 2219 506 2270 usu
529 2218 810 2270 ruoronrteuams
833 2220 915 2271 sucu
936 2217 1062 2270 crusec
1089 2218 1256 2271 ureretur-

11 2288 18 2295 ’
128 2319 174 2372 rt.
199 2299 232 2370 ιο
255 2301 389 2372 Effectus
411 2321 478 2373 esse
501 2301 744 2392 proportionales
767 2301 832 2373 suis
854 2304 955 2372 causis
976 2301 1182 2372 efficientibus
1204 2303 1255 2374 ιιι-,

128 2402 174 2470 hil
197 2412 242 2470 est
264 2402 358 2489 aliud,
382 2404 551 2474 secundum
575 2425 602 2473 s.
626 2401 776 2472 Thomom
800 2405 825 2491 ⁴,
854 2425 946 2493 quam
973 2405 1093 2493 effectus
1118 2407 1155 2473 itt
1187 2413 1256 2476 ortu

50 2533 52 2537 ·
127 2505 226 2573 eureis
246 2506 597 2594 pseudoprohetae
620 2507 740 2595 effectus
761 2508 795 2576 iu
814 2507 950 2598 potentia
964 2509 1073 2593 cacum,
1091 2529 1173 2596 ptrue
1186 2516 1272 2580 suut.

128 2611 164 2679 itt
183 2609 329 2701 polertlio,
353 2617 381 2677 et
402 2612 545 2680 similiter
573 2612 690 2700 effectus
710 2612 912 2702 particulares
937 2615 1035 2683 curuis
1056 2615 1256 2702 particulari·

129 2711 203 2793 ltue3
226 2712 446 2782 uutoaaatttaa
466 2733 539 2783 cero
560 2713 660 2782 causis
685 2715 872 2783 urrieersolea
893 2716 1011 2804 effectae
1033 2716 1058 2786 ⁵.
1091 2714 1124 2786 ι’
1151 2715 1253 2787 Potest

128 2810 260 2903 intelligi
283 2812 462 2884 huiusmodi
489 2812 667 2904 proportio,
698 2824 848 2904 quatenus
875 2817 999 2886 effeetus
1029 2814 1162 2885 ordinati
1190 2839 1252 2890 nen

129 2925 260 3003 possunt
281 2915 445 3005 procedere
467 2936 484 2983 a
506 2913 606 2985 causis
621 2935 691 2984 ¹uun
713 2914 883 3004 ordinatis,
915 2917 973 2986 nisi
995 2919 1087 2987 sorte.
1092 2939 1153 3008 per
1176 2921 1251 2991 ecci·

127 3017 212 3088 dena.
237 3015 271 3087 3·
296 3016 398 3087 Potest
418 3017 510 3088 etiem
531 3016 646 3109 accipi,
669 3028 821 3107 quatenus
850 3016 1014 3110 perfectio,
1049 3040 1128 3108 quae
1151 3010 1253 3090 est'iu

128 3119 249 3206 ellectu,
272 3119 497 3208 proportionali
518 3119 608 3188 modo
629 3119 756 3190 existere
778 3120 867 3189 deltet
894 3118 926 3190 iu
949 3141 1049 3217 caum,
1068 3120 1145 3189 idest
1160 3122 1203 3190 ita
1218 3133 1253 3192 ut

128 3219 154 3291 si
176 3239 267 3287 causa
300 3217 340 3290 sit
361 3221 513 3305 univoco,
551 3219 694 3312 perfectio
726 3221 851 3301 effectus
874 3220 998 3310 reperiri
1030 3221 1140 3292 debeat
1164 3225 1198 3295 iu
1219 3243 1275 3294 ea·

125 3320 319 3409 fmmeldrr,
342 3317 510 3392 eminenter
532 3341 604 3393 vero
627 3321 659 3391 iu
681 3341 773 3391 causa
800 3321 974 3412 aequivoca,
997 3323 1044 3391 rel
1067 3323 1203 3416 erumpe
1226 3327 1249 3394 ⁶.

125 3423 220 3493 Cuius
242 3419 428 3492 discriminis
449 3420 528 3492 ratio
562 3433 627 3512 est,
658 3422 732 3513 quia
752 3445 846 3514 agens
879 3426 1042 3494 univocum
1069 3446 1085 3490 ι
1109 3437 1161 3498 est
1183 3448 1254 3517 pro-

125 3525 332 3615 portionatum
350 3523 527 3615 suscipienti
542 3545 634 3596 suum
655 3524 796 3597 effectum
816 3545 848 3607 ι;
865 3524 946 3594 uude
969 3525 1099 3595 sormam
1114 3527 1252 3599 eiusdem

10 3651 12 3654 ·
124 3624 260 3716 speciei,
285 3628 331 3696 rel
354 3625 480 3697 rationis
501 3627 534 3696 in
555 3627 698 3697 ellectum
727 3627 853 3698 inducit.
877 3626 979 3716 Agens
1000 3647 1073 3696 vero
1095 3629 1252 3706 nouuni·

125 3750 237 3800 rocum
263 3751 279 3795 ι
304 3737 438 3802 nonest
471 3729 733 3822 proportionatum
755 3727 932 3822 suscipienti
961 3749 1055 3798 suum
1077 3729 1249 3818 eflectum

167 3978 191 4053 't
209 3980 230 4037 ι
249 3997 277 4054 a
297 3979 382 4053 xlv,
402 3998 431 4041 a.
450 3979 578 4056 saa)
596 3981 660 4042 vu.
682 3999 710 4057 p.
728 3980 839 4057 ra.-³)
857 3980 920 4042 vu.
942 3977 1032 4054 pra.

165 4068 189 4132 ⁴)
211 4065 311 4126 contr.
334 4067 432 4140 (leue,
452 4067 501 4124 lib.
520 4063 555 4141 ll,
574 4082 603 4126 c.
620 4066 668 4128 ²1.

165 4154 189 4216 ⁵)
209 4151 315 4209 ibide
317 4150 392 4209 ..41
506 4166 508 4168 ·

166 4235 190 4304 ιι
208 4235 312 4296 seusus
326 4238 429 4295 harum
444 4251 548 4298 rosum
562 4198 755 4300 Foruteliter·
758 4227 930 4299 detractator
942 4231 1136 4326 explicabitur
1150 4238 1202 4300 litt.
1214 4239 1244 4301 ι’.
