2760 4770
1159 210 1174 246 t

604 297 649 313 -
670 261 695 332 C
716 298 768 314 -ι
1158 261 1203 333 63

125 386 211 468 parte
236 377 306 461 lori;
322 377 428 468 'idque
457 376 494 448 ad
518 376 617 445 solum
642 376 739 445 Deum
761 384 887 467 spectat:
917 397 931 444 r
957 371 1164 447 diversimode
1186 395 1253 446 csse

127 483 159 549 in
184 483 252 551 loco
273 479 416 550 conuenit
439 477 571 572 corpori,
598 481 725 568 lngule,
757 493 788 548 et
811 479 885 550 Deo.
918 478 996 547 Nam
1018 497 1131 566 corpus
1151 488 1197 546 est
1222 477 1254 547 in

127 585 196 652 loco
223 583 508 673 circumsuiptire,
532 581 604 673 quia
625 593 894 653 commensuretur
916 583 1011 652 loco:
1037 579 1172 670 Angelus
1195 600 1253 646 uus

127 697 203 766 tem,
227 708 290 755 non
313 687 596 776 circummunire,
620 689 692 756 cum
716 707 786 755 non.
801 693 1069 756 commensuretur
1092 683 1171 768 loco,
1194 681 1251 750 sod
1327 738 1334 748 ,

126 787 297 875 diffinitive,
322 788 393 878 quia
417 789 456 857 ita
481 798 528 858 est
551 786 582 856 in
605 808 669 856 uno
692 790 786 874 loco,
809 787 891 876 quod
916 808 977 856 non
1002 786 1033 853 in
1055 783 1141 852 elio:
1168 782 1252 851 Deus

126 901 230 960 autem
265 911 362 980 neque
385 887 652 980 circumscriptirc,
685 910 784 980 neque
806 888 989 977 diffinitive,
1020 888 1092 979 quia
1112 894 1160 957 εει
1182 884 1259 978 udi·

111 1013 190 1082 ,que
214 992 293 1060 1)..

124 1075 130 1088 ’
172 1092 238 1165 Xll.
272 1091 776 1163 Coruncrrvn-llrsruruurrvn.
807 1090 989 1177 Collectioc',
1013 1111 1068 1160 seu
1089 1089 1253 1176 etenim

126 1195 172 1262 rcl
198 1193 334 1284 copulate
349 1192 493 1283 accipitur
515 1194 615 1280 aliqua
631 1214 705 1278 rom.
715 1214 786 1261 rum
811 1191 1005 1282 intelligenda
1023 1202 1073 1263 est
1094 1194 1133 1263 de
1147 1193 1252 1269 omnis

125 1295 195 1383 bos,
211 1317 289 1385 quoe
311 1296 342 1364 iu
363 1315 398 1366 se
420 1295 558 1382 inuoluit,
581 1296 669 1384 quusi
690 1294 722 1362 in
744 1295 906 1365 cumulum
929 1293 1021 1367 simul
1043 1293 1252 1383 conglobatim.

124 1407 171 1480 ut,
197 1415 304 1467 omnes
319 1395 456 1486 Apostoli
479 1406 552 1466 suut
574 1395 746 1483 duodecim:
774 1397 981 1484 distribution,
1010 1418 1065 1467 seu
1087 1397 1246 1474 uniuersa·

122 1495 207 1585 tter,
231 1500 276 1567 rel
299 1499 480 1587 copulative,
505 1519 576 1575 cum
610 1496 804 1587 intelligendo
827 1508 874 1568 est
896 1497 934 1573 de
956 1497 1124 1588 omnihus,
1147 1509 1178 1569 et
1207 1501 1251 1570 de

78 1591 82 1595 ’
119 1601 254 1690 singolis
275 1600 403 1671 seorsim
426 1599 547 1682 sumtis;
581 1613 627 1689 ut,
651 1601 753 1671 omnis
777 1601 872 1671 homo
901 1612 949 1672 εει
970 1600 1098 1675 nuimul.
1122 1602 1188 1682 Qun
1211 1603 1251 1671 in-

121 1725 156 1775 re
172 1723 306 1774 ,monere
326 1713 385 1788 est,
411 1703 582 1774 subiectum
598 1702 814 1792 propositionis
829 1700 1021 1792 uniuersalis,
1037 1712 1069 1774 ει
1092 1705 1254 1792 praedico--

121 1816 193 1878 turn
215 1798 358 1895 regentis
380 1824 499 1893 semper
522 1804 697 1897 pusiolam,
723 1814 759 1872 ut
782 1804 972 1874 distributive
1001 1803 1198 1894 recipiantur.

169 1905 251 1976 Xlll.
275 1907 709 1979 torrium-tumuerim.
722 1903 754 1974 l·
773 1903 852 1973 lrlem
869 1904 930 1974 lere
949 1905 1053 1975 uolent
1066 1927 1102 1975 ac
1115 1908 1250 1998 meditu-

123 2009 368 2100 tc-inodnrquotr
384 2007 410 2079 ².
437 2009 470 2079 ι’
486 2007 548 2079 Eos
578 2008 760 2098 completum
783 2007 864 2078 idem
879 2020 926 2078 est
940 2029 976 2078 uc
990 2029 1046 2080 ens
1061 2009 1093 2080 iu
1109 2030 1164 2079 sua
1179 2031 1247 2101 spe·

123 2108 171 2180 cie
193 2110 442 2198 deumimtum,
466 2131 492 2179 e.
519 2133 565 2201 g.,
588 2109 706 2192 hum03
731 2110 951 2200 incomplelunc
974 2111 1053 2182 idem
1068 2124 1122 2183 est
1144 2135 1178 2184 ec
1201 2115 1256 2190 in-¹

123 2211 373 2301 determinatum,
397 2233 426 2282 e.
452 2235 497 2303 g.,
521 2213 646 2300 animal,
660 2225 751 2302 prout
772 2212 985 2285 determinatio
1007 2215 1175 2306 rationalis,
1200 2218 1247 2289 rel

123 2315 308 2385 irrationalis
330 2323 401 2386 notu
424 2314 456 2383 in
478 2335 515 2384 eo
537 2337 601 2386 non
624 2314 788 2390 invenitur.
816 2317 869 2405 Vel
893 2315 1035 2390 strictiori
1058 2314 1162 2405 senso,
1192 2340 1249 2389 ens

123 2417 311 2508 completum
324 2422 390 2506 ¹est,
413 2420 496 2508 quod
520 2419 609 2488 hubct
631 2440 697 2490 esse
720 2420 819 2490 finum
842 2417 874 2491 in
897 2441 1001 2488 rerum
1018 2429 1138 2490 nature:
1160 2445 1175 2486 r
1195 2424 1251 2492 Ius

124 2521 324 2611 completum,
347 2523 430 2612 duod
454 2532 501 2592 εει
522 2543 577 2591 ens
600 2523 688 2610 praet
711 2521 892 2609 inclinatior,
916 2541 969 2591 seu
993 2531 1040 2592 est
1062 2522 1109 2593 rie
1132 2522 1249 2611 inens,

124 2625 213 2715 quasi
230 2625 365 2701 medium
380 2623 453 2716 quid
470 2624 549 2693 inter
566 2625 734 2716 potentiam
750 2643 870 2714 purum,
887 2634 918 2693 et
939 2635 1042 2700 ectum
1058 2645 1170 2715 purum
1188 2625 1199 2663 ³
1216 2650 1246 2713 i,

125 2746 155 2794 e.
180 2748 229 2816 g„
254 2737 357 2803 motus
372 2728 400 2798 ⁴.
441 2725 474 2796 3·
498 2727 562 2799 Hae
585 2746 671 2799 voces
695 2726 906 2817 praedicantur
927 2725 1021 2797 etiam
1043 2727 1246 2831 deosubstom

124 2827 177 2912 tio,
202 2850 281 2919 quoe
304 2839 488 2917 potestesse
511 2828 558 2900 rel
581 2827 739 2919 completo,
762 2829 808 2896 rel
831 2828 1013 2917 incompleta
1028 2830 1055 2898 ⁵.

169 2932 252 3004 tur.
276 2930 715 3004 conrnune-lucourtnxr.
743 2929 775 2999 ι’
806 2928 966 3020 Complura
988 2931 1189 3025 mercurium
1204 2931 1251 3001 di·

121 3032 205 3111 citur
227 3033 389 3120 iodicium,
413 3034 497 3125 quod
517 3033 648 3103 omuino
671 3022 781 3105 salsum
797 3046 869 3105 ,esse
892 3034 1021 3122 nequit,
1046 3042 1093 3120 ut,
1118 3054 1174 3106 ens
1197 3054 1249 3103 co-

123 3137 227 3228 gitans
249 3133 442 3225 simplicitate
464 3135 586 3226 gaudet.
613 3134 808 3224 incomplrcc
833 3136 1040 3209 necessarium
1062 3134 1174 3206 dicitur
1193 3156 1251 3211 ens

125 3234 344 3325 neceesarium,
369 3238 454 3325 quod
476 3258 587 3329 nrrmpe
608 3256 672 3306 non
696 3243 794 3325 potest
819 3254 883 3305 non
904 3254 983 3323 esse,
1008 3235 1179 3316 cuiusmodi
1202 3249 1251 3315 est

124 3341 212 3412 solus
234 3338 325 3409 Deus.
352 3337 386 3409 l‘
413 3361 429 3403 r
455 3338 645 3408 Dillmientes
667 3338 897 3430 incomplexum
921 3349 1038 3410 veteres
1061 3339 1251 3434 Peripatetici

124 3442 282 3530 dixerunt,
308 3443 392 3532 quod
415 3441 508 3511 dictio
531 3439 731 3533 significativo
754 3442 791 3514 nd
815 3441 960 3529 placitum
977 3439 1165 3530 incomplexe
1190 3453 1247 3531 est,

125 3544 219 3616 cuius
242 3557 343 3634 partes
362 3543 438 3614 nihil
463 3545 637 3636 significent
658 3546 697 3614 de
720 3543 889 3617 intentione
913 3539 1036 3635 (edlicot
1051 3544 1184 3635 notium)
1202 3555 1249 3615 to·

123 3647 203 3732 tius3
227 3646 307 3715 siout
329 3667 401 3718 cum
425 3644 672 3736 diuturnum,
697 3665 766 3736 pers
789 3643 857 3730 ista,
881 3663 961 3733 quee
982 3653 1031 3713 est
1051 3643 1102 3734 lto,
1127 3657 1159 3724 et
1180 3649 1249 3736 puis

124 3750 197 3838 alia,
220 3767 299 3839 quae
319 3760 366 3818 est
388 3770 452 3838 mo,
476 3749 555 3819 nihil
570 3749 749 3840 significant
762 3747 800 3818 de
814 3745 948 3815 dominis
961 3745 1142 3821 intentione.
1161 3751 1250 3832 Quod

120 3855 148 3925 si
170 3849 265 3924 etiam
289 3871 402 3922 nomen
425 3851 548 3944 aliquod
562 3852 607 3924 rei
622 3852 715 3943 unius
737 3849 885 3942 simplicis
900 3847 1173 3947 circompositum,
1190 3855 1247 3926 sic·

159 4085 184 4159 p
203 4045 227 4156 ι’,
245 4103 273 4159 q.
293 4081 352 4158 uu,
367 4099 396 4142 a.
414 4083 433 4142 ε
451 4099 478 4142 c.
498 4113 533 4132 -
551 4087 576 4157 η
593 4044 658 4144 vu.
678 4101 705 4156 ρ.
726 4081 772 4142 re.

159 4172 233 4247 ηε.
251 4173 367 4244 Tuom,
386 4170 416 4228 lo
436 4171 487 4230 lib.
508 4172 542 4231 tv
560 4170 655 4244 sent,
674 4170 746 4231 Diu.
764 4169 789 4241 1,
805 4186 835 4243 q.
854 4168 1253 4247 t,c.1v,ror.2c.erodt.

156 4261 183 4332 ⁴>
204 4257 267 4317 vid.
288 4258 363 4315 hauc
382 4271 497 4329 rocem,
518 4256 571 4314 ltu.
592 4255 632 4314 Μ.
646 4281 681 4301 -
702 4253 726 4328 ⁵)
746 4253 810 4324 vid.
830 4255 882 4313 lios
901 4268 1000 4329 rocus,
1018 4255 1072 4314 litt.
1091 4256 1123 4317 S.
