2760 4770
172 284 239 356 254
605 281 695 349 -P
718 312 762 333 -·

123 403 193 489 froc,
218 399 300 490 quod
323 397 418 468 atiena
441 397 558 487 accipit.
584 399 650 467 atio
666 399 756 468 modo
771 420 808 468 ex
824 408 907 486 parte
932 400 1037 490 ipsius
1062 399 1241 489 accipientis,
1280 406 1282 429 ⁵

123 504 194 592 quia
215 503 329 572 scilicet
351 523 422 571 eum
446 514 587 591 receptat,
605 504 649 571 ref
666 502 926 591 qualitereumque
941 504 970 569 ei
994 504 1158 572 auxilium
1182 504 1242 571 fert.

127 605 232 674 'fertio
254 606 347 674 modo
367 626 406 674 ex
430 616 512 692 parte
534 603 574 671 rei
602 614 762 694 acceptae,
794 605 865 695 quia
887 605 1003 674 scilicet
1031 606 1186 696 porticeps
1206 612 1249 674 est'

125 706 211 792 furti,
235 708 282 774 rel
305 707 443 794 rapinae,
468 707 515 773 vol
537 705 623 792 quasi
648 706 749 773 socius
778 704 915 774 maleficii
943 732 973 777 a.
1004 708 1174 796 nepetae,
1197 726 1242 775 seu

123 808 279 894 indirecte,
300 811 456 896 cquando
478 809 588 896 aliquis
610 830 673 877 non
696 808 829 897 impedit,
855 830 924 877 eum
951 812 1065 899 possit,
1093 821 1125 879 et
1149 812 1243 879 debeat

124 909 283 998 impedire;
308 910 355 979 vel
376 912 448 999 quia
471 910 621 978 subtrahit
645 921 849 1000 praeceptum,
881 911 943 979 sire
958 914 1134 981 consilium
1159 913 1242 1002 impe·

123 1010 209 1079 diens
231 1012 349 1080 furtum
372 1013 420 1080 vel
443 1011 601 1100 rapinam3
628 1015 674 1081 vel
697 1013 769 1100 quia
791 1014 940 1080 subtrahit
964 1036 1065 1083 suum
1091 1015 1241 1101 auxilium,

123 1132 187 1200 quo
210 1123 311 1201 posset
332 1114 487 1200 obsistere,
513 1117 558 1182 ref
583 1114 654 1204 quia
676 1116 808 1183 occultat
829 1125 897 1204 post
920 1115 1039 1183 factum
1059 1116 1109 1186 ιε.
1137 1117 1171 1186 5·
1196 1119 1243 1184 Po·

125 1214 261 1301 sitirem,
286 1216 334 1284 ref
355 1219 534 1304 nequinum
556 1216 687 1287 diversas
713 1218 929 1285 attributorum
953 1220 1074 1307 species
1097 1219 1191 1287 etiam
1212 1220 1243 1286 si-

126 1315 285 1403 gnificant.
311 1319 446 1387 Positiua
468 1320 611 1388 attributa
633 1329 706 1387 sunt
728 1340 862 1407 eaquae
878 1320 909 1386 in
933 1320 981 1389 sui
1005 1332 1167 1408 conceptu
1189 1341 1242 1408 per-

126 1417 287 1487 fectionem
309 1419 481 1506 involvunt,
499 1431 571 1506 puta
593 1419 749 1509 sapientia,
768 1421 879 1488 iustitia
894 1430 954 1489 etc.
981 1422 1155 1510 Nepatiue,
1179 1442 1242 1511 quac

126 1518 341 1611 perfectionem
363 1520 520 1608 denotant,
545 1532 637 1611 prout
659 1522 779 1611 aliquod
804 1522 913 1591 vitium
936 1534 1105 1592 removent
1129 1525 1168 1591 ab
1190 1526 1241 1610 iilo,

127 1623 165 1691 de
187 1643 250 1710 quo
273 1622 493 1712 praedicantur.
529 1625 594 1704 Qua
621 1625 653 1692 in
678 1645 710 1692 re
739 1645 901 1694 monemus
924 1624 957 1692 f⁰
982 1626 1187 1713 negationem
1208 1626 1243 1692 ref

127 1724 166 1792 ad
182 1725 332 1813 originem
354 1723 488 1793 nominis
510 1737 655 1812 spectare,
663 1727 710 1794 vel
734 1727 771 1792 ed
794 1725 1202 1817 significationemNegatio
1219 1726 1244 1794 ri

126 1829 255 1917 eripieris
276 1829 326 1896 iffa
349 1836 405 1914 est,
427 1847 505 1916 quae
527 1849 565 1896 ex
592 1827 706 1917 analpsi
730 1827 811 1896 vocis
834 1828 1033 1896 coalescentis
1058 1847 1098 1895 ex
1125 1827 1243 1915 particu-

128 1931 158 1999 la
181 1950 244 1999 uon
265 1928 440 2010 derivatum
464 1948 494 1998 e.
519 1950 571 2017 g„
597 1930 732 2017 infinitos
755 1928 841 2016 quasi
866 1928 944 1996 idem
968 1941 1018 1997 est
1042 1950 1080 1998 ac
1104 1950 1177 1999 non·
1191 1949 1244 1998 esse

127 2033 263 2104 finitum.
290 2031 417 2121 Negatio
439 2033 471 2098 ui
491 2033 721 2121 siqnificotioais
747 2031 848 2100 oritur
862 2052 900 2099 ex
915 2030 1063 2120 negativo
1086 2052 1182 2101 sensu
1203 2050 1244 2098 ro·

128 2136 171 2207 cis
185 2135 369 2225 ceteroquin
394 2135 559 2226 positivae;
594 2157 621 2205 e.
648 2158 696 2225 g.,
733 2136 913 2222 simplicitas
948 2134 1032 2203 idem
1063 2147 1113 2205 est
1137 2158 1173 2204 ac
1192 2154 1241 2203 nrm
1280 2144 1282 2153 '

129 2260 190 2308 esse
210 2239 393 2327 multiplea,
428 2247 486 2306 ete.
514 2237 546 2308 Ψ
569 2237 752 2306 Huiusmodi
779 2236 1005 2305 distinctionem
1030 2238 1242 2307 attributomn

130 2342 222 2412 etiam
245 2363 317 2411 cum
339 2342 377 2411 de
399 2339 513 2409 Divinis
536 2339 769 2429 perfectionibus
792 2359 893 2408 sermo
915 2350 972 2425 est,
996 2339 1123 2408 admitti
1149 2343 1240 2421 solere,

131 2465 196 2514 non
218 2442 342 2533 quidem
366 2443 406 2513 ita
429 2453 464 2512 ut
486 2442 624 2530 negativa
639 2443 782 2510 attributa
806 2441 920 2511 sintin
945 2441 1009 2509 Deo
1034 2441 1191 2510 contraria
1209 2440 1242 2508 af·

132 2545 338 2631 firmantibus,
364 2545 416 2614 sed
439 2543 481 2613 ita
504 2554 539 2629 ut
561 2544 769 2613 excellentiam
787 2540 975 2632 perfectionis
997 2543 1116 2629 quovis
1140 2544 1241 2615 defectu

132 2645 280 2715 immunis
304 2644 489 2735 significem
515 2644 664 2733 siquidem
686 2645 718 2710 in
741 2645 798 2711 hac
818 2642 878 2711 vita
892 2662 955 2710 non
981 2663 1153 2730 possumus
1173 2645 1242 2712 aliter

133 2747 232 2816 Deum
255 2767 449 2836 cognoscere,
474 2767 567 2836 quam
594 2766 647 2834 per
669 2754 832 2830 creaturas,
856 2745 1045 2812 removendo
1068 2747 1109 2813 ab
1135 2747 1200 2836 fpso
1216 2764 1241 2811 o·

133 2869 222 2917 mnes
244 2847 483 2964 imperfectiones
505 2858 725 2933 creaturarum,
747 2856 778 2914 et
799 2847 909 2913 harum
933 2846 1136 2935 perfectiones
1160 2848 1242 2935 magis

134 2970 170 3019 ac
193 2950 290 3040 magis
312 2951 525 3031 extendendo;
559 2948 746 3036 quocirca
736 2948 882 3016 attributa
912 2949 1056 3034 negantia
1095 2951 1242 3018 abundan-

135 3051 207 3120 tiam
229 3061 260 3122 et
282 3072 440 3120 excessum
457 3051 674 3140 praeseferunt,
678 3050 790 3140 quippe
803 3070 882 3139 quae
905 3050 1003 3119 Βεεεε
1028 3072 1125 3140 supra
1143 3049 1241 3135 omna,

134 3175 213 3242 quae
235 3163 319 3239 sunt,
342 3173 408 3222 esso
430 3151 638 3222 ostendunt².

182 3252 262 3321 XfX.
288 3252 458 3324 Possumne
481 3274 724 3326 rnrnmsaeu-
733 3272 947 3323 exrnrnsacu.
979 3253 1102 3322 Dicitur
1125 3250 1245 3345 possibile

137 3354 310 3434 intrinsece,
336 3356 380 3421 ref
404 3354 546 3441 absolute,
571 3365 602 3423 et
623 3355 789 3423 sectandum
816 3356 951 3442 scipsum
975 3353 1063 3442 illud,
1089 3359 1180 3426 euius
1199 3363 1246 3422 ter·

136 3455 216 3524 mini
237 3456 356 3526 nulfum
377 3456 419 3524 ud
441 3457 571 3524 inuicem
593 3455 832 3544 repupuuntiam
855 3454 975 3535 irridear
998 3454 1075 3523 dum
1099 3478 1119 3524 e
1142 3467 1246 3526 contra·

137 3557 185 3627 rio
206 3558 389 3648 impossibile
411 3560 623 3644 innumerum,
647 3558 841 3643 absolutum,
865 3556 1032 3624 scoriadam
1057 3559 1195 3646 scipsum
1213 3552 1249 3623 di·

138 3661 219 3728 citur
241 3681 279 3729 ecc
301 3659 539 3743 discohaerentia
561 3660 776 3745 terroinorum,
795 3680 849 3727 seu
876 3659 960 3726 cuitu
983 3659 1114 3727 ternuni
1138 3658 1193 3726 sifi
1212 3658 1248 3729 in-

139 3763 235 3832 uicem
257 3769 453 3851 repupuunt3
488 3773 519 3830 et
542 3760 684 3850 quoniam
720 3759 956 3829 discohaerentia
986 3760 1194 3829 terminorum
1214 3767 1250 3825 est

137 3864 303 3932 iuratione
325 3863 457 3931 diunius
479 3863 685 3953 oppositionis,
706 3860 737 3927 in
759 3880 820 3948 qua
853 3858 1021 3927 iucfrrditur
1045 3863 1211 3950 affirmatio
1228 3864 1249 3925 et

138 3961 270 4054 uepofio,
295 3964 455 4052 sequitur,
479 3972 515 4032 ut
538 3961 679 4030 inomni
703 3961 753 4029 tali
781 3960 958 4050 impossibili
979 3960 1160 4049 irnpfieetur
1180 3964 1254 4052 offla·

181 4166 204 4236 ¹)
222 4163 251 4220 2·
269 4163 328 4238 2¹0,
348 4182 376 4238 q.
397 4165 481 4238 uxn,
500 4183 528 4224 a.
548 4165 565 4221 7
585 4182 612 4223 c.

180 4252 204 4324 ²)
223 4250 285 4311 vid.
306 4268 329 4313 s.
350 4251 496 4327 Damasc,
516 4249 558 4314 Dc
576 4251 652 4314 Fide
672 4250 766 4325 ortfrq
784 4249 832 4309 fib.
854 4248 877 4320 1,
896 4260 922 4305 ε.
942 4244 971 4304 f.
