2760 4770
178 280 245 351 att
609 310 652 321 -
677 270 697 335 Ρ
722 307 765 319 -

178 396 211 463 V.
239 392 354 461 t‘osrro
381 407 598 474 unrrunsrar,
625 405 763 455 ronrrun
789 402 906 461 aaaroun
931 404 1012 455 ntus
1039 406 1127 458 rans
1153 409 1243 459 suam

130 519 204 568 erra.
229 495 258 563 Si
283 493 366 562 enim
391 492 502 561 animal
526 501 590 577 ost,
617 489 691 557 iliud
715 491 760 557 roi
784 490 841 556 erit
862 489 975 577 homo,
1008 492 1056 559 rel
1084 512 1192 579 oquin,
1213 491 1245 558 rai

133 604 232 688 aliqua
256 601 309 666 aiio
334 597 472 666 animalis
499 595 622 686 speeies.
649 593 709 661 Et:
736 592 851 662 Postao
876 611 1089 670 Quocunoun
1116 612 1247 663 stannat-

134 726 178 791 nr,
205 686 343 773 naamon
366 720 581 772 unrvnnsaaa.
608 697 685 764 Nam
713 698 736 764 si
761 695 880 763 dicatur
902 696 1023 785 aliquid
1049 699 1245 781 esserum,

131 810 176 876 rel
191 811 248 894 leo,
266 810 309 875 ret
335 807 436 894 lupus,
454 806 498 872 ret
522 803 578 871 ntia
600 800 739 869 animatis
762 799 885 889 specim,
904 799 1015 890 ipsunt
1039 800 1162 869 animat
1176 800 1246 868 etiarn

132 931 198 980 esse
211 910 373 978 dicendum
397 906 464 975 erit.

179 1012 230 1081 tr.
256 1011 416 1082 Possnnu
438 1029 554 1080 rostro
576 1031 609 1078 m
634 1028 729 1095 acro,
748 1027 839 1078 nrum
857 1026 1030 1077 innarenn.
1065 1005 1208 1076 Seitieet:
1227 1003 1248 1072 Si

133 1115 175 1199 id,
199 1114 282 1204 qnod
305 1123 350 1182 est
372 1111 525 1200 possibile,
550 1119 679 1199 ponatur
702 1098 778 1197 e'sse,
795 1109 871 1178 nihil
896 1109 1046 1198 sequitur
1065 1109 1244 1199 impossibiie.

130 1216 213 1301 ²Circa
236 1215 319 1306 rprorl
342 1214 468 1283 effatum
496 1214 533 1280 ad
556 1214 630 1280 haee
652 1213 844 1281 attendamus
865 1222 1001 1301 oportet:
1031 1212 1069 1281 Γ
1099 1211 1244 1291 Possititia¹

130 1317 154 1386 si
177 1327 351 1407 spectentur
373 1325 522 1404 quatenus
553 1334 635 1382 more
659 1313 811 1401 possibilia
833 1322 918 1398 sunt,
936 1322 1018 1382 tune
1034 1314 1183 1383 absoluto
1203 1332 1246 1381 nm

130 1430 204 1487 sunt
226 1419 354 1511 quidem
375 1414 674 1504 impossibiliaque
698 1415 728 1482 in
752 1425 937 1505 suspectata
963 1416 1032 1484 lieri
1051 1413 1245 1507 possuntsti

128 1531 278 1608 quatenus
301 1519 443 1588 substant
461 1518 583 1587 decreto
600 1518 720 1605 ttirtno,
737 1539 799 1607 quo
815 1520 895 1587 Deus
910 1519 1025 1588 statuit
1039 1541 1081 1589 en
1099 1538 1247 1608 numquam

129 1622 243 1710 futuro,
268 1621 403 1710 implicat
426 1619 476 1697 itia
499 1622 533 1689 iu
556 1628 658 1689 octaua
682 1621 801 1712 redigi,
826 1620 961 1710 alioquin
988 1634 1102 1692 essent
1125 1623 1247 1691 simulat

128 1744 192 1792 non
226 1735 326 1794 essent
350 1744 432 1793 mere
467 1722 632 1813 possibitia.
659 1724 691 1794 2⁰
715 1724 852 1794 Possibiti
885 1723 989 1813 posito
1012 1726 1050 1793 iat
1083 1733 1168 1812 octat,
1191 1720 1246 1790 nitri

129 1825 273 1914 implicat,
291 1825 459 1895 dummodo
482 1825 583 1912 ipsum
606 1827 751 1894 eomodo
775 1836 917 1915 ponatur,
941 1846 1010 1914 quo
1034 1837 1088 1897 est
1112 1825 1245 1916 possibile.

129 1930 206 1999 Hinc
229 1930 409 2016 successiva
426 1940 577 2018 quatenus
603 1928 683 2015 tatia,
701 1941 858 2019 nequeunt
872 1931 1050 1998 secundum
1070 1948 1246 1998 ornnessuat

129 2044 228 2120 partes
252 2033 343 2102 simul
367 2033 402 2100 iat
423 2038 493 2101 uetat
519 2052 607 2114 esso;
635 2032 686 2100 serl
710 2043 828 2100 tanturn
851 2034 1030 2101 successive.
1061 2034 1147 2102 Cum
1171 2032 1245 2123 igitur

129 2133 286 2200 infinitum
310 2135 344 2201 iu
365 2132 499 2222 potentio
523 2133 552 2201 in
576 2153 613 2202 eo
629 2135 729 2202 solum
749 2133 905 2219 consistat,
921 2134 1022 2222 quod,
1051 2137 1190 2224 quolibet
1207 2135 1245 2202 dr

131 2245 176 2320 to,
200 2234 258 2302 otia
281 2255 400 2323 semper
424 2234 488 2302 dari
513 2235 628 2322 possint
650 2237 682 2303 in
705 2233 872 2321 infinitum,
889 2235 1033 2323 sequitur
1059 2248 1100 2305 ut
1125 2237 1188 2307 totis
1208 2255 1246 2326 pt·

132 2337 223 2407 tentia
247 2337 278 2406 in
301 2347 402 2407 actum
427 2337 522 2426 redigi
547 2339 641 2426 possit
665 2349 784 2406 tantum
799 2339 971 2426 annessae,
989 2352 1165 2429 quatenus,
1186 2359 1244 2429 qno

128 2439 201 2508 libet
223 2440 305 2529 dato,
330 2449 429 2528 potest
451 2441 533 2509 aliud
557 2441 627 2528 poni
650 2441 682 2510 in
698 2440 866 2528 inlinitum,
882 2441 957 2530 quin
984 2465 1146 2533 umquam
1162 2462 1243 2533 peru-

129 2540 232 2610 niotur
254 2541 291 2609 ad
314 2541 447 2630 aliquem
471 2542 649 2631 terminum,
673 2565 708 2612 ao
731 2545 857 2632 proinde
878 2547 916 2614 ad
939 2545 1059 2637 aliquid
1073 2556 1149 2618 actu
1164 2544 1244 2617 intini-

132 2651 200 2710 tum
224 2643 247 2713 ¹.
276 2642 365 2729 item,
389 2667 425 2711 ex
449 2663 495 2731 eu,
519 2648 602 2734 quod
625 2647 768 2736 possibile
788 2658 843 2735 est,
868 2657 904 2716 ut
919 2647 1031 2717 Petrus
1056 2672 1128 2720 non
1151 2656 1244 2733 sumt,

132 2743 214 2812 hand
236 2743 304 2812 lieet
326 2743 401 2813 iilud
425 2743 548 2834 inferre,
573 2748 655 2834 quod
679 2747 819 2837 possibtte
842 2748 891 2835 sit,
917 2758 951 2815 ut
973 2750 1054 2818 dum
1083 2755 1242 2838 eurritpot

130 2857 244 2930 currat;
271 2868 342 2916 narn
367 2845 500 2936 primurn
525 2849 644 2939 respicit
667 2851 832 2940 potentiam
855 2851 999 2919 currendi
1023 2853 1244 2923 seiunctamair

131 2961 227 3036 actu,
253 2969 363 3041 nempe
385 2947 417 3015 in
441 2967 530 3019 serasar
553 2950 671 3038 diuiso,
711 2954 840 3019 altorum
865 2953 1033 3041 potentiam
1062 2957 1242 3025 coniunctura

130 3072 202 3119 eum
225 3060 308 3138 actu,
334 3070 387 3119 seu
412 3050 444 3151 in
466 3071 555 3120 sensu
578 3052 749 3140 coraposito.
776 3052 873 3131 Quare
907 3050 964 3120 etsi
991 3056 1141 3142 possibile
1163 3058 1200 3127 sit
1218 3064 1243 3125 ut

128 3153 232 3220 tuturo
255 3152 348 3219 libera
371 3172 388 3217 a
412 3151 475 3220 Deo
498 3153 651 3242 praevisa,
676 3154 805 3224 obsolute
828 3155 986 3244 loquendo,
1013 3178 1083 3227 non
1108 3159 1241 3242 eveniant

128 3262 233 3321 tamen
256 3251 286 3318 id
311 3250 450 3340 possibile
472 3272 536 3321 non
559 3263 628 3344 est,
653 3254 679 3326 si
703 3277 759 3345 ea,
786 3265 942 3346 tamquam
963 3275 982 3324 a
1006 3257 1075 3330 Deo
1101 3263 1242 3352 pruerisa,

127 3364 312 3443 spectentur.

174 3455 238 3525 Vll.
265 3454 469 3528 Posranrona
494 3477 719 3528 onnannrrona
744 3480 826 3531 saur
850 3480 968 3532 aurona
987 3464 1243 3541 rannaerrona².

174 3556 252 3628 vna.
279 3558 443 3630 Parmam
467 3578 701 3632 ooonosunvn
716 3583 780 3634 non
797 3582 920 3634 aurosa
937 3583 1178 3643 narnnanrrnn
1198 3591 1244 3641 aa·

127 3677 243 3732 alonna
266 3679 287 3728 n
310 3677 502 3733 ooonrrroaa
526 3683 576 3732 sur
600 3684 728 3736 oarnora
753 3667 777 3736 ³.

171 3757 223 3826 lX.
248 3757 413 3833 Portunata
435 3782 495 3832 asa
519 3782 616 3852 ntus,
652 3784 744 3838 eurus
770 3790 830 3840 nsr
855 3786 982 3851 norus;
1009 3791 1093 3844 seu:
1121 3777 1244 3847 Potentia

128 3861 161 3929 in
184 3858 238 3928 illo
261 3870 319 3952 est,
344 3872 502 3952 tamquam
524 3863 557 3931 in
581 3865 739 3956 subiecto,
764 3870 848 3959 quod
871 3871 1070 3959 operationes
1094 3880 1175 3950 elieit
1196 3878 1243 3970 ipsi

123 3958 275 4052 potentiae
296 3974 523 4038 consentaneas.
550 3965 641 4053 Hinc,
657 3987 729 4038 eum
752 3968 921 4060 intelligere
935 3980 967 4042 et
983 3976 1064 4048 velle
1090 4001 1155 4052 non
1181 4002 1245 4074 peu·

163 4190 188 4263 a
207 4189 271 4248 vra.
290 4206 314 4250 s.
334 4191 449 4267 raom,
468 4194 491 4267 r,
510 4214 538 4267 q.
560 4196 618 4268 vn,
639 4213 667 4255 a.
687 4198 704 4254 a
723 4202 758 4257 aa
779 4199 805 4258 1.

163 4279 189 4352 ι)
207 4275 271 4336 vra.
293 4293 321 4349 p.
341 4275 404 4353 rao,
425 4292 453 4339 ea
471 4296 498 4353 p.
518 4281 648 4357 aon-³1
668 4285 729 4346 vra.
749 4286 861 4364 pata.
961 4328 964 4335 .
