2760 4770
181 373 332 445 actionem
356 369 525 457 concurrit,
549 369 728 440 irrtrrtedt'nte
748 379 865 458 numm,
889 380 981 459 prout
1005 371 1048 442 ita
1073 372 1182 447 inllttit
1207 376 1307 458 incisu

181 476 329 562 actiones,
354 485 390 544 ul
411 496 484 544 cunr
510 472 573 565 ipsa
596 485 735 544 creatura
757 483 904 563 operante
925 486 1085 566 oneretur,
1110 491 1209 571 utque
1232 506 1307 555 eunt·

179 580 251 648 dem
273 580 415 648 ellemnm
447 599 520 646 cum
544 577 594 646 illa
617 587 773 665 operetur.
802 575 986 666 Agnoscunt
1007 577 1197 655 Tlroruislae
1224 588 1305 660 etiam

179 703 366 753 concursum
388 682 564 773 praecium,
589 701 681 771 quem
707 679 952 771 genuculorum
973 679 1141 771 plagalem
1166 691 1306 780 appellare

179 791 292 876 solent,
316 796 409 877 atque
431 785 472 854 ita
494 782 666 855 definiunt:
697 805 713 848 c
738 781 878 851 lnlluxus
900 782 1013 854 Canae
1036 784 1161 873 primae
1176 802 1306 878 necemus

180 891 391 981 non'quitlem
414 886 588 959 immediate
615 886 646 955 in
669 885 852 972 effectibus,
882 886 935 956 sed
958 885 991 956 in
1010 887 1118 960 causis
1142 893 1303 980 secundis,

180 1017 244 1085 quo
267 995 349 1065 Deus
372 991 444 1083 ipsis
466 993 616 1060 actualem
646 987 855 1059 efficacitatenr
878 984 1016 1078 inspirat,
1038 1009 1107 1078 quo
1131 1012 1188 1062 eas
1210 1005 1304 1067 moret

179 1109 211 1168 et
232 1096 386 1189 applicat,
411 1116 475 1164 non
498 1096 601 1164 solunt
629 1091 775 1162 obiectire
811 1111 847 1162 ac
869 1091 1052 1179 momliter,
1092 1092 1260 1164 allicienda
1277 1105 1304 1164 et

179 1203 345 1289 suadendo,
368 1197 534 1270 sedetiam
558 1196 678 1293 physice
699 1208 730 1266 et
751 1194 861 1283 aetite,
885 1195 1014 1268 interius
1035 1195 1232 1288 inclinando,
1255 1222 1300 1292 ap·

179 1305 330 1397 plicando,
353 1299 594 1384 determinando,
611 1318 646 1369 ac
669 1296 812 1367 ultimam
827 1298 910 1367 illam
924 1296 1126 1386 activitatem,
1153 1301 1193 1370 ud
1215 1323 1300 1392 quarn

179 1407 319 1495 sequitur
340 1401 443 1475 statim
466 1401 554 1487 actio,
579 1397 765 1470 induerent
792 1421 823 1467 t.

222 1506 289 1580 llll.
314 1503 757 1580 corrasa-Deraernrrr.
787 1501 933 1590 Consum,
957 1521 1012 1572 seu
1035 1502 1235 1595 didascolis,
1256 1509 1298 1579 in

178 1611 380 1682 determinate
402 1603 548 1696 accipitur·
572 1603 722 1674 terminus
744 1604 929 1693 communis,
952 1625 1024 1677 cum
1048 1609 1160 1679 omnia
1178 1613 1246 1682 eius
1260 1612 1297 1680 iu-

179 1713 298 1802 lcriom,
321 1721 352 1782 et
375 1731 440 1785 non
463 1707 584 1798 siugulo
605 1727 745 1776 scorsum
768 1707 827 1779 sub
845 1705 1051 1778 disiunctione
1066 1723 1297 1786 sumuntnrre

176 1806 282 1908 spectu
303 1814 397 1884 unius
418 1806 559 1897 subiecti,
583 1818 638 1877 aut
660 1807 836 1896 praedicati,
867 1809 912 1878 uti
935 1809 967 1879 iu
988 1809 1046 1878 hac
1068 1814 1296 1903 enunciatione,

176 1940 270 2009 equus
292 1917 461 2008 reqttiritnr
494 1913 536 1988 od
556 1910 779 2000 equitandum,
801 1932 895 2001 egum
917 1931 980 1982 non
1014 1911 1173 2002 significat
1195 1917 1291 2005 hunc,

175 2023 223 2090 uel
245 2021 334 2090 illurn
357 2018 544 2111 singularem
566 2035 694 2103 equum,
717 2015 770 2085 sed
786 2015 880 2103 bunc,
896 2016 943 2086 tel
957 2035 1193 2108 quemcumque
1207 2020 1295 2089 alium

173 2145 301 2214 equum.
328 2121 545 2205 Determinnte,
568 2137 622 2187 scu
645 2117 836 2205 murenulae,
855 2137 927 2187 curn
950 2115 999 2187 illa
1015 2117 1165 2188 inferiora
1179 2119 1295 2210 singula

172 2244 313 2296 scorsum
337 2222 395 2297 sub
416 2218 621 2291 disiunctione
654 2229 822 2288 sumuntur
845 2226 982 2309 respectu
1014 2218 1112 2299 unius
1148 2222 1294 2309 subiecti,

173 2337 229 2398 aut
251 2321 423 2417 praedicatu
449 2332 485 2391 nt
508 2320 540 2390 in
563 2320 622 2392 hac
643 2317 869 2407 enunciationc,
890 2320 990 2389 Homo
1011 2326 1056 2390 est
1076 2322 1182 2413 olous,
1202 2324 1295 2397 suble·

175 2439 262 2501 cturn
284 2428 374 2498 domo
394 2447 459 2498 nou
479 2420 632 2515 significat
664 2421 770 2513 truuc,
800 2423 848 2495 rel
868 2442 1096 2513 quemcumque
1118 2427 1223 2511 alium
1243 2429 1294 2509 hu

175 2530 305 2618 minem,
330 2531 381 2601 sed
404 2527 510 2616 istum,
536 2528 581 2596 tel
604 2525 690 2597 illum
712 2535 774 2595 etc.

218 2633 298 2704 lllll.
317 2631 702 2706 conruere-llisuucrs.
726 2627 857 2716 matesc
868 2626 981 2718 aliquid
996 2630 1212 2720 cognoscitur,
1228 2652 1292 2713 cun

172 2735 314 2804 omniurn
336 2734 571 2820 clementorum,
587 2752 666 2821 quae
680 2732 746 2807 eius
761 2730 923 2805 essentum
938 2730 1147 2821 constituunt,
1162 2746 1220 2805 aut
1235 2755 1293 2828 par·

100 2878 109 2900 s
173 2834 263 2925 tiurn,
279 2855 357 2926 quae
380 2834 412 2904 in
434 2853 472 2906 eo
493 2832 703 2919 continentur,
728 2830 847 2925 propria
869 2830 980 2907 notitia
1000 2851 1064 2902 nou
1077 2831 1226 2922 hahetur3
1242 2839 1291 2909 ltu·

172 2937 306 3010 iusmodi
327 2948 373 3007 est
395 2934 532 3027 cognitio
553 2934 709 3022 animulis,
732 2954 812 3029 quae
831 2933 979 3005 elementa
993 2933 1062 3005 eius
1082 2931 1292 3015 definitionem

170 3039 385 3113 constituentia
418 3060 483 3111 non
504 3035 672 3124 dissecuit,
696 3038 744 3105 vel
765 3055 825 3126 qoe
848 3034 949 3125 ipsum
985 3044 1106 3117 tentum
1144 3051 1292 3130 quamtus

170 3143 309 3229 animal,
333 3159 397 3212 non
420 3159 493 3208 uero
513 3148 665 3227 quatenus
687 3147 735 3207 est
755 3137 868 3206 animal
891 3134 1010 3207 ratione
1032 3139 1077 3207 tel
1101 3141 1288 3228 praeditum,

172 3245 217 3313 uel
240 3262 345 3314 carens
368 3237 602 3330 apprehenditur
625 3236 651 3304 ².
678 3237 703 3307 E
728 3236 899 3321 contrario,
923 3238 1065 3309 distinato
1085 3250 1135 3322 est
1157 3243 1287 3333 cognitio

169 3345 238 3433 rei,
262 3365 341 3434 quae
364 3339 561 3434 mopnietates
583 3338 649 3410 eius
670 3339 832 3417 essentiam
855 3340 1073 3410 constituentes
1111 3344 1286 3436 singillatim

168 3449 303 3534 exhibet,
328 3448 374 3519 vel
396 3443 534 3536 cognitio
556 3443 673 3532 totius,
697 3463 775 3532 quae
796 3451 907 3531 partes,
931 3462 1009 3533 quae
1031 3442 1065 3513 in
1093 3442 1164 3538 ipso
1195 3447 1285 3531 cnuti

170 3561 293 3638 nentur,
317 3549 470 3622 discernit.

212 3651 306 3739 Xllll
329 3651 547 3724 densescunt
559 3645 811 3728 -Srnnnnents
831 3646 1011 3735 synderesis
1030 3656 1077 3720 est
1091 3647 1221 3734 habitus
1237 3673 1284 3744 ge

166 3751 309 3826 neraliter
330 3751 447 3823 dnmns
468 3749 585 3827 bonurn
607 3769 674 3819 esse
696 3750 956 3840 mosequendum,
981 3749 1096 3820 malurn
1118 3763 1226 3825 summ
1240 3755 1283 3827 de

164 3856 351 3925 elinandum.
383 3853 572 3928 Consciettliu
595 3872 668 3922 vero
688 3860 736 3930 est
757 3850 917 3940 iudicium,
937 3871 1002 3942 quo
1023 3850 1200 3926 intellectus
1222 3877 1282 3948 pra·

154 3955 263 4027 ctieus
283 3956 413 4047 applicat
435 3953 580 4044 principia
598 3955 753 4044 ,generalia
774 3953 943 4044 synderesis
966 3955 1004 4029 art
1028 3953 1234 4046 particulares
1253 3979 1280 4031 e·

201 4203 224 4273 ¹)
244 4202 307 4260 vid
327 4197 706 4270 conatn‚rtr10s.eu.,c
727 4199 773 4271 lv,
795 4204 868 4271 part.
889 4197 972 4279 3,sp
993 4199 1039 4280 lv,
1059 4209 1116 4261 act.
1136 4199 1166 4263 2.

107 4322 141 4347 n.
200 4287 318 4357 trees.
339 4284 495 4359 ΤὴοωΉΙ
515 4302 544 4356 q
565 4282 752 4358 ΙιΧΧΧΥ,α.
771 4282 835 4344 3ο.
1242 4280 1244 4285 ’
