2760 4770
173 379 225 448 tv.
243 380 420 455 -liarrurrro
443 379 794 452 uoumrs-Drrmrrro
814 401 884 453 nur.
909 381 1067 470 defluitis
1088 383 1134 453 rei
1154 377 1254 469 erpti-

126 491 178 551 cat
201 482 296 570 ipsius
318 484 361 553 rei
385 495 539 570 naturam,
556 505 624 554 eam
641 484 671 551 in
687 504 796 553 omnes
812 497 910 572 partes
926 484 1072 555 essentiae
1095 484 1253 551 resolven-

124 585 180 655 do·
206 586 307 662 Quare
329 608 381 674 per
397 587 474 655 hane
489 586 697 656 definitionem
713 586 857 656 distincto
877 598 1027 677 conceptu
1044 607 1108 654 rem
1132 603 1251 674 cogno·

124 685 254 773 seimus,
279 688 320 755 itu
344 711 474 778 nempe,
499 701 535 758 ut
558 711 625 777 res,
655 691 782 780 eiusque
804 691 950 761 essentiae
972 691 1074 759 omnia
1098 691 1253 759 elementa-

129 790 381 876 carnptecumur.
406 791 495 876 Hinc,
520 793 733 861 secundum-e.
750 792 912 878 Thomam,
925 795 999 862 haec
1019 789 1160 860 definitio
1182 789 1247 857 exi·

126 889 195 976 stit,
223 911 238 954 τ
263 892 386 980 quando
402 888 569 961 intellectus
591 893 725 981 concipit
738 891 871 982 aliquam
887 892 1019 962 sormam
1041 893 1079 962 de
1102 913 1145 978 re,
1170 911 1249 980 qrrae

128 992 310 1080 peremnia
333 994 388 1082 ipsi
410 994 455 1064 rei
479 999 640 1085 respondet
654 997 668 1069 *¹
695 1022 724 1064 a.
753 997 895 1085 Definitio
917 1007 1020 1066 autern
1042 998 1177 1064 norniuis
1198 1015 1275 1092 sog

127 1093 197 1162 ium
218 1092 331 1163 indicat
354 1095 415 1165 vim
440 1097 585 1185 nominis,
600 1120 663 1187 quo
686 1118 732 1167 res
756 1099 923 1186 appellatur
938 1097 963 1168 ².
988 1099 1087 1178 tiuare
1109 1120 1163 1187 per
1185 1099 1245 1167 hu·

125 1194 261 1265 jusmodi
282 1198 491 1267 definitionem
514 1206 578 1268 non
601 1199 660 1270 nisi
683 1199 809 1270 confuse
835 1210 945 1268 nature
967 1200 1011 1270 rei
1033 1199 1245 1289 cognoscitur,

126 1306 280 1385 quatenus
303 1300 482 1389 intelligitur
504 1322 569 1371 esse
590 1297 738 1392 quaedam
762 1324 808 1372 res
822 1304 861 1372 ab
883 1301 949 1372 aliis
970 1301 1123 1391 distincta,
1146 1312 1178 1371 et
1200 1322 1249 1371 se-

123 1411 240 1488 parata,
258 1402 412 1489 quomodo
435 1402 526 1473 rudes
542 1405 692 1492 recipiunt
706 1424 756 1472 res
770 1402 849 1493 ipses
870 1403 1023 1474 vocabulis
1046 1425 1203 1494 expressas
1219 1405 1244 1476 ³.

174 1501 210 1571 V.
234 1501 486 1576 Dsnousrnarro
521 1498 938 1577 cracuuanrs-Crucuuus
975 1527 1161 1576 unisonarrs.
1188 1506 1247 1573 Dr·

120 1605 305 1673 monstretio
327 1607 495 1697 circularis,
521 1603 575 1679 seu
597 1609 826 1698 reciprocaret
846 1609 976 1678 circulus
997 1629 1058 1676 rtorr
1079 1608 1245 1695 conformis

125 1708 162 1776 fit
186 1708 218 1776 1⁰
240 1731 312 1778 curn
333 1710 460 1781 dirersis
486 1723 741 1802 argumentorum
764 1711 945 1800 speciebus,
973 1712 1070 1779 altero
1094 1730 1203 1797 nempe
1224 1730 1248 1777 rr

120 1811 296 1900 posteriori,
320 1816 416 1883 altero
437 1836 457 1882 α
478 1818 600 1906 priori,
625 1808 751 1885 effectus
776 1836 829 1901 per
851 1835 996 1898 cauum,
1025 1825 1056 1883 ct
1079 1833 1169 1882 causo
1192 1830 1246 1900 per

122 1913 265 1981 effectum
290 1915 448 2004 probatum
474 1917 621 2002 videlieet,
638 1937 709 1983 eum
725 1916 763 1983 ab
778 1916 887 1984 effectu
911 1914 999 1990 nobis
1022 1924 1096 1982 noto
1120 1931 1248 2000 progre-

120 2014 228 2083 dimur
250 2017 285 2084 ad
309 2037 432 2085 causam
457 2019 599 2086 latentem
622 2019 889 2108 cognoscendam
921 2015 1028 2086 deinde
1052 2035 1125 2087 vero
1148 2015 1186 2081 ab
1208 2032 1243 2081 ca

120 2115 185 2183 iam
206 2117 326 2206 cognita
351 2119 544 2209 regredimur
557 2121 594 2188 ad
610 2121 764 2207 effectum,
781 2120 907 2208 eiusque
923 2121 1072 2186 rationem
1096 2136 1149 2205 per
1171 2137 1244 2185 cau-

123 2239 190 2287 sam
213 2217 405 2308 detegimus,
442 2233 477 2291 ut
511 2223 730 2293 distinctiorem
765 2222 862 2314 ipsius
889 2223 1014 2291 effectus
1037 2219 1246 2309 cognitionem

123 2320 216 2388 nobis
237 2340 461 2411 comparemus.
500 2325 537 2396 E.
565 2348 599 2414 g.
619 2379 627 2410 ,
651 2346 688 2394 ex
710 2346 769 2411 eo,
805 2325 887 2412 quod
911 2334 1068 2391 menturae
1088 2320 1222 2391 existunt
1236 2363 1250 2405 ,-

121 2420 299 2508 eoiiigimus
320 2423 448 2494 existere
471 2425 657 2507 Creatorem3
675 2426 794 2512 deinde,
811 2423 886 2494 Eius
906 2433 1025 2503 natura,
1037 2431 1068 2490 et
1090 2421 1247 2511 perfectio·

123 2523 220 2594 nibus
240 2529 385 2598 attentius
406 2530 615 2617 consideratis,
640 2531 847 2618 comperimus
864 2549 966 2596 rerum
990 2539 1161 2600 creatarum
1183 2528 1247 2598 exi-

122 2628 291 2714 stentiam,
315 2641 347 2697 et
369 2632 509 2699 ordinem
534 2633 573 2699 ab
598 2633 649 2700 ilio
676 2630 855 2721 dependere.
892 2629 971 2698 Hinc
994 2629 1171 2699 huiusmodi
1194 2632 1247 2699 de·

123 2729 306 2801 monstratio
328 2731 450 2802 duobus
473 2731 663 2819 argumentis
685 2742 817 2819 constat,
834 2753 968 2820 quorum
993 2733 1127 2819 primum
1149 2753 1172 2801 a
1193 2754 1249 2822 po·

122 2832 246 2901 steriori
262 2831 306 2900 via
322 2843 368 2902 est
384 2833 420 2900 ad
437 2833 647 2902 inveniendam
670 2854 808 2915 causam;
825 2837 958 2902 alterum
980 2855 1001 2901 o
1024 2834 1125 2921 priori
1147 2832 1244 2902 scien·

123 2936 211 3020 tiam,
227 2955 334 3023 nempe
356 2935 564 3024 cognitionem
588 2934 760 3003 distinctam
777 2945 806 3003 et
823 2935 985 3025 perfectam
1010 2935 1136 3007 etteerus
1158 2934 1247 3005 nobis

123 3036 266 3124 largitur,
291 3049 442 3124 quatenus
464 3061 501 3106 ex
526 3039 589 3126 ipsa
611 3059 702 3107 causa
718 3038 852 3124 inuenta,
869 3046 899 3104 et
913 3036 979 3105 altis
1002 3036 1173 3109 intettoctus
1197 3036 1244 3106 iu·

124 3137 378 3226 vestigationibus
402 3139 560 3228 perfectius
593 3137 809 3229 cognoscimus
842 3138 940 3228 ipsam
971 3159 1117 3224 causam,
1140 3148 1172 3206 et
1195 3149 1249 3228 per'

120 3260 192 3308 eam
216 3242 409 3328 regredimur
430 3243 466 3309 ed
482 3242 623 3310 effectum
640 3240 803 3310 scientifice
824 3239 1068 3328 intelligendum.
1094 3239 1175 3308 Haec
1196 3241 1245 3308 de·

122 3344 354 3411 monstrationis
376 3344 536 3412 desolaris
551 3344 663 3432 species
679 3342 799 3432 proprie
820 3360 974 3430 repressus
994 3341 1249 3413 uemaerratuur

123 3445 305 3534 appellatur.
330 3446 362 3516 ἓ·
385 3446 610 3515 Demonstratio
633 3445 803 3530 cirmrloris,
825 3465 904 3532 quae
929 3441 1048 3534 proprie
1072 3441 1125 3510 uti
1147 3442 1248 3511 nomi·

124 3562 163 3614 ne
184 3547 283 3616 vocari
306 3549 393 3637 solet,
418 3551 454 3617 fit
475 3571 548 3618 curn
570 3570 606 3617 ex
631 3547 835 3638 propositione
864 3545 985 3632 maiori,
1009 3554 1042 3614 et
1063 3545 1248 3636 propositio·

159 3749 183 3818 ι)
204 3750 258 3821 Qu.
277 3751 388 3823 depo,
406 3754 445 3811 de
464 3751 547 3823 γετί,
566 3769 594 3824 q.
614 3751 648 3826 tt,
667 3768 696 3808 a.
717 3749 731 3804 1
750 3751 786 3809 ad
805 3749 834 3810 9.

162 3835 187 3902 ²)
206 3834 283 3890 Haeo
300 3837 441 3906 definitio,
460 3846 597 3894 monente
616 3837 763 3892 Clemente
788 3832 1002 3903 Alexandrino,
1021 3833 1152 3891 maxime
1170 3831 1246 3887 adai:

127 3919 222 3975 ueuoa
245 3931 298 3992 est,
321 3936 335 3977 r
355 3913 469 3993 qriando
483 3922 641 3978 viderimus
654 3937 758 3977 nomen
773 3921 839 3977 duci
852 3920 881 3974 in
894 3920 1023 3974 diversos
1038 3933 1117 3987 usus3
1136 3928 1165 3973 et
1184 3933 1246 3987 per·

125 4005 316 4060 scrutandum
336 4016 391 4087 ess,
410 4023 446 4063 on
466 4008 502 4063 de
520 4007 681 4078 significato
700 4006 848 4062 dubitetur
868 4021 903 4060 ex
921 4003 1135 4073 appeitatioue,
1155 4019 1192 4058 su
1212 4005 1246 4058 sit
1355 4076 1361 4084 ,

125 4089 203 4158 apud
224 4105 324 4146 omnes
343 4101 423 4146 extro
443 4092 671 4147 controversiam
691 4107 718 4163 »3
740 4091 861 4160 Strom„
882 4089 930 4145 tto.
952 4086 1138 4160 vttt‚n.1v.
1240 4152 1241 4156 ρ

161 4171 184 4242 ³)
205 4173 267 4230 vid.
288 4176 410 4246 Toiedo‚
431 4177 647 4245 Cornmerrrarr'u
670 4178 701 4236 in
722 4178 895 4246 universam
913 4174 1080 4234 Aristotelis
1098 4174 1225 4246 logicam
1235 4190 1247 4240 ,-

119 4254 152 4314 lu
175 4259 253 4324 Puer.
275 4259 379 4332 Anat,
398 4261 446 4318 tib.
467 4262 490 4334 1,
510 4277 536 4318 c.
560 4261 580 4333 i,
600 4279 626 4333 q.
649 4261 669 4316 i.
749 4312 767 4319 ,,
