2760 4770
123 372 148 414 ι
167 333 281 418 ratione
304 349 397 437 ipsius
421 347 596 437 privationis
619 346 731 416 dicitur
752 366 947 434 eorrumpere
962 345 1090 432 bonum,
1104 342 1181 432 quia
1203 350 1243 410 est

128 450 193 542 ipsa
217 449 384 541 corruptio,
408 453 454 518 vel
479 451 606 542 privatio
628 450 699 519 boni
725 451 736 490 ¹
756 475 786 518 a.

174 552 254 621 XIV.
280 554 439 622 Accmnns
463 553 848 625 nonnus-dnsoturun.
871 548 950 617 Sunt
964 549 1041 617 duae
1063 546 1181 636 species
1203 565 1245 613 ac·

131 653 257 722 cidentis
277 651 409 742 physici.
434 652 606 722 decidentia
627 653 762 720 absoluta
778 662 851 721 sunt
865 671 943 739 quae
965 647 1083 736 proprie
1105 649 1245 717 substan·

132 754 205 822 tiam
228 753 375 841 afficiunt,
400 754 483 824 modi
505 765 620 839 autem,
644 755 813 822 secundum
839 772 918 840 quos
940 749 1104 818 accidentia
1129 748 1247 816 absolu·

132 868 163 924 ta
184 857 383 927 substantiam
407 856 565 944 adiciunt,
601 854 746 923 dicuntur
774 854 939 922 occidentia
964 851 1111 919 modetia.
1140 849 1180 919 E.
1205 872 1247 937 g,

132 959 215 1026 calor
235 979 331 1046 aquae
353 969 399 1027 est
421 959 559 1028 accidens
580 959 766 1037 absolutmm
785 954 914 1025 intensio
937 963 1050 1034 autem,
1069 954 1121 1023 ‚vel
1149 951 1250 1021 remis·

133 1059 180 1128 siu
201 1060 311 1129 caloris
328 1055 378 1128 ‘est
400 1060 537 1129 accidens
564 1060 693 1129 nrodcde.
719 1057 782 1125 lam
805 1055 967 1125 accidentia
995 1056 1131 1122 absoluta
1158 1053 1249 1122 Scho-

133 1159 229 1229 lastici
251 1162 360 1229 docent
383 1162 423 1229 ita
452 1162 608 1232 inhaerere
630 1161 789 1248 subiecto,
814 1170 848 1227 ut
872 1158 987 1248 possint
1010 1157 1122 1225 virtute
1148 1155 1251 1224 Divina

133 1260 198 1329 sinc
222 1253 279 1330 itto'
296 1264 423 1333 existere
447 1264 472 1330 ².
674 1346 679 1355 Ι

180 1362 245 1430 XV.
271 1364 433 1436 Acurumvs
458 1359 912 1436 n'nsrmrrvun—dccmcns
944 1382 1145 1432 nnsoturun.
1171 1362 1254 1431 Acci-

137 1465 240 1532 dcvttia
260 1465 409 1556 absoluto,
446 1481 537 1558 prout
555 1479 665 1552 ¹contra
688 1466 851 1536 accidentia
874 1464 1035 1553 respectiva
1059 1463 1254 1550 distinguun-

136 1577 199 1652 tur,
224 1579 297 1634 snnt
320 1590 396 1656 quae
421 1570 451 1635 in
474 1569 608 1640 subiecto
640 1580 785 1656 manent,
810 1567 869 1635 hoc
891 1578 959 1654 est,
989 1564 1192 1633 substantiam
1216 1564 1254 1631 ita

137 1667 285 1756 afficiunt,
309 1683 343 1736 nt
366 1671 503 1740 ordinent
525 1671 562 1739 ad
586 1671 666 1740 aliud
691 1672 720 1738 in
744 1693 777 1738 ea
801 1690 862 1738 non
887 1678 1011 1758 ponant,
1037 1689 1064 1736 e.
1083 1689 1130 1756 g,
1161 1688 1254 1757 quan·

138 1769 205 1835 titus
229 1770 260 1838 in
283 1772 380 1859 ligne.
407 1767 582 1842 Accidevdiu
606 1777 780 1864 respectiva,
805 1794 858 1840 scu
881 1772 1007 1839 redditio
1029 1784 1101 1838 sunt
1124 1794 1203 1860 quae
1228 1771 1256 1839 in

137 1872 275 1940 subiecto
296 1896 360 1942 non
387 1887 520 1963 manent,
549 1878 612 1945 huc
632 1888 689 1963 est,
714 1874 913 1944 substantium
937 1874 976 1941 ita
999 1872 1148 1961 adiciunt,
1176 1886 1209 1941 nt
1228 1875 1257 1941 in

138 1977 188 2042 illa
212 1977 352 2046 ordinem
374 1980 411 2046 ud
433 1980 514 2047 aliud
545 1992 678 2070 ponant,
703 2002 731 2047 e.
758 2002 803 2068 g,
829 1978 1006 2068 aequalitem,
1032 1999 1085 2068 per
1107 1999 1201 2066 quam
1225 1978 1256 2045 li-

137 2101 235 2168 gnum
259 2081 296 2146 ud
319 2081 400 2150 aliud
422 2085 563 2152 retertur.
582 2082 681 2161 Quare
695 2081 823 2152 essentia
840 2080 1001 2149 accidentis
1016 2080 1176 2166 respectivi
1199 2102 1258 2149 non

138 2183 171 2248 in
192 2201 242 2269 eu,
266 2182 347 2271 quod
372 2183 556 2254 substantiae
579 2186 678 2276 inest,
703 2189 754 2255 scd
784 2185 816 2252 in
838 2205 890 2272 eo,
914 2184 996 2272 quod
1019 2183 1187 2266 substantia
1213 2205 1259 2272 per

137 2305 199 2352 csse
222 2283 316 2372 ipsius
339 2287 376 2354 ad
399 2288 481 2354 uliud
506 2290 651 2376 refertur,
677 2288 828 2359 consistit.

185 2387 261 2455 XVI.
288 2387 449 2486 ducturus
470 2411 650 2460 srncmr-
663 2393 821 2461 ducturus
845 2409 1016 2458 mnrvmur.
1035 2387 1182 2457 Accidens
1196 2410 1259 2479 spe·

140 2492 196 2556 cici
219 2503 263 2558 cst
287 2492 385 2578 illud,
410 2495 491 2580 quod
520 2489 556 2563 en
580 2492 697 2562 cunctis
726 2503 754 2560 et
777 2490 951 2579 ariaequatis
976 2489 1131 2579 principiis
1155 2489 1259 2577 speciei

142 2612 196 2680 per
218 2613 249 2660 se
272 2596 469 2664 consideratis
492 2608 640 2685 emanat,
677 2618 711 2665 uo
742 2595 867 2683 proinde
895 2592 1055 2662 essentiam
1079 2591 1187 2678 speciei
1213 2613 1261 2660 ne·

143 2694 271 2762 cessario
294 2697 514 2784 consequitur,
539 2721 566 2766 e.
591 2719 729 2788 g.,·esse
751 2697 882 2764 liberum
918 2696 949 2761 in
973 2705 1042 2761 ente
1066 2692 1261 2782 intelligentia

144 2795 289 2882 praedito.
314 2797 456 2864 ,decidens
479 2797 632 2867 individui
654 2797 778 2885 pronun
800 2821 836 2866 ex
860 2795 1012 2884 principiis
1039 2793 1158 2882 speciei,
1176 2803 1263 2881 prout

143 2895 216 2962 itaec
232 2895 262 2963 in
279 2897 433 2967 individuo
457 2896 713 2986 determinantur,
731 2912 761 2968 et
783 2900 851 2968 idco
877 2900 944 2966 eius
959 2899 1119 2966 essentiam
1143 2897 1263 2964 contin·

146 3012 252 3088 genter
274 3005 480 3092 consequitur.
503 3004 777 3073 Primumdieitur
803 3005 976 3095 proprium,
1001 3011 1030 3068 et
1054 3011 1097 3067 cst
1120 3013 1263 3089 quartum

140 3106 340 3192 praedicabile
348 3114 363 3189 3‘
382 3107 510 3175 alterum
532 3120 576 3174 est
598 3107 741 3196 quintum
769 3103 986 3197 praedicabile
1009 3125 1063 3172 seu
1087 3103 1163 3170 illud
1187 3105 1263 3181 aeci-

144 3207 218 3274 dens
241 3208 394 3294 depictam,
419 3208 541 3296 dequo
565 3208 654 3296 poulo
668 3219 752 3277 ante
775 3207 910 3277 diximus
935 3204 958 3274 ³.
984 3205 1156 3293 Utrumque
1180 3227 1265 3275 vocn-

145 3319 197 3374 tur
219 3310 365 3397 raucidum,
389 3320 539 3398 (prutenus
563 3323 705 3379 neutrum
735 3308 893 3379 essentiam
916 3307 959 3377 rei
984 3308 1162 3396 ingreditur,
1187 3322 1218 3377 et
1241 3311 1265 3378 i·

146 3414 203 3481 deo
225 3412 259 3481 ei·
275 3416 437 3503 'occidere,
462 3435 515 3484 seu
540 3415 680 3484 advenire
703 3414 895 3502 intelligitur,
919 3411 994 3480 illu'd
1017 3411 1141 3498 quidem
1165 3433 1265 3479 neces-

147 3516 237 3601 sario,
263 3514 345 3613 istud
368 3538 439 3584 vcro
461 3518 684 3607 contingentem
710 3537 744 3584 ac
760 3513 886 3605 proinde
915 3515 991 3583 illud
1006 3513 1115 3582 dicitur
1129 3517 1266 3584 occidens

146 3640 202 3706 per
224 3636 266 3699 se:
292 3621 349 3688 hoc
372 3630 474 3689 uutcm
497 3621 633 3690 accidens
652 3643 711 3710 per
733 3619 870 3688 occidens
884 3621 911 3686 ⁴.
982 3616 986 3632 '

192 3720 283 3787 nvn.
309 3724 593 3794 decronnrnmrnn
615 3762 659 3773 -
676 3723 945 3793 Essnnrmmrnu.
978 3724 1010 3790 Γ
1034 3722 1267 3791 Accidcntrditcr

149 3823 293 3890 dicuntur
318 3825 447 3893 invicem
471 3825 591 3894 differre
614 3823 786 3911 individua,
815 3845 892 3912 <puae
915 3825 952 3892 ad
975 3825 1112 3892 eurndem
1135 3825 1268 3912 speciem

189 4054 212 4119 ¹)
232 4056 253 4123 Ι,
273 4075 299 4126 q.
322 4058 440 4128 attunt,
460 4079 486 4114 a.
512 4061 521 4112 l
544 4061 578 4114 ad
598 4060 625 4114 4.

188 4141 211 4205 ²)
233 4141 290 4195 Vid,
315 4144 479 4201 Accidcrrvt's
498 4162 560 4200 esre
582 4158 624 4201 cst
642 4140 808 4213 tressa—³)
828 4145 895 4215 Pag.
915 4143 942 4197 7.
978 4157 980 4161 ⁴

185 4225 210 4293 ⁴)
231 4225 291 4281 Vid.
313 4246 335 4284 s.
357 4230 474 4302 ‘l'nom.,
494 4233 543 4304 (tp.
565 4231 731 4303 dirpp.,'dc
751 4229 814 4288 I'ot'.
837 4230 902 4300 Det,
923 4249 949 4302 q.
972 4231 1004 4300 V,
1027 4246 1053 4284 a.
1074 4228 1191 4286 tado.
