2760 4770
518 590 730 695 urrann
834 642 837 647 ·
900 598 903 603 ’

110 843 136 914 1.
162 844 270 919 votur
292 861 402 914 annun
420 861 658 928 uurnrrnnns,
691 860 755 912 nur
778 859 961 912 conrannm
993 858 1187 914 successere

68 965 171 1030 renni,
195 965 260 1016 nen
284 965 345 1016 use
369 965 499 1015 nurnnu
524 965 754 1016 rocunrnrun.
780 945 871 1013 Aliud
895 966 1003 1034 nempe
1016 957 1063 1016 est
1086 957 1187 1012 mula·

70 1067 105 1115 re
126 1049 328 1134 uoluntatem,
351 1045 434 1114 aliud
458 1046 533 1117 velle
554 1045 725 1135 aliquarum
749 1067 853 1115 rerum
879 1046 1073 1116 mutationes.
1098 1045 1187 1114 Tune

61 1146 151 1217 enim
173 1151 312 1219 voluntas
334 1159 485 1236 mutatur,
509 1167 580 1217 eum
604 1147 708 1235 incipit
731 1149 819 1233 velle,
843 1149 926 1236 quod
950 1151 1036 1240 priua
1051 1169 1115 1218 nou
1131 1168 1187 1218 ro-

63 1249 136 1338 luit,
160 1253 207 1321 vel
229 1250 339 1319 desinit
361 1251 463 1338 velle,
496 1250 580 1341 quod
602 1251 710 1322 voluit.
737 1250 776 1319 bt
799 1260 899 1339 potest
920 1250 1057 1340 aliquis,
1080 1251 1186 1320 eadem

65 1354 222 1451 uoluntate
251 1352 450 1422 immobiliter
463 1363 695 1445 permanente,
717 1355 798 1422 -velle
819 1353 902 1441 quod
926 1353 1012 1442 prius
1035 1354 1089 1421 frat
1111 1354 1185 1441 hoc,

62 1464 94 1523 et
116 1464 217 1545 postea
240 1455 306 1524 eius
327 1454 514 1543 contrarium
528 1454 554 1526 ¹.
578 1455 737 1543 Quocirca,
763 1475 801 1523 ex
823 1475 861 1522 co
881 1457 965 1544 quod
988 1455 1070 1526 Deus
1092 1458 1185 1524 alter·

61 1557 111 1627 nis
132 1558 248 1628 vicibus
270 1557 398 1643 divema,
413 1557 520 1627 immo
543 1559 681 1648 opposita
704 1557 788 1639 velit,
812 1556 888 1626 nibil
910 1558 1101 1626 contentius
1125 1556 1188 1625 im·.

61 1660 297 1730 mutabilitatem
320 1657 409 1748 argui
432 1669 553 1747 potest,
576 1658 728 1748 siquidem
760 1659 811 1728 illa
833 1658 984 1731 successio
1003 1670 1034 1728 et
1056 1660 1184 1732 varietas

60 1783 124 1831 non
139 1761 271 1853 quidem
296 1762 396 1854 ipsum
418 1773 522 1832 actum
545 1761 712 1834 voluntatis
741 1762 798 1833 Dei
819 1772 960 1854 spectat,
985 1763 1037 1834 sed
1059 1763 1188 1835 allectus·

63 1865 189 1935 Divinae
213 1865 387 1936 voluntatis.
625 1942 635 1959 .

105 1967 145 2039 11.
171 1969 315 2040 Veneres
338 1989 451 2039 uenum
473 1987 686 2043 nnrrrunctuu
708 1988 768 2040 nsr
784 1987 964 2041 eosrunton
980 1987 1185 2040 eurenuucru

58 2078 187 2154 nivino}
211 2091 309 2144 aaron
332 2091 534 2142 mrceuncru
550 2091 690 2143 cauare.
710 2071 883 2141 intellectus
896 2070 978 2140 enim
994 2070 1121 2140 birinus
1135 2081 1186 2140 est
1277 2128 1280 2135 .

62 2162 208 2245 mensura
230 2173 367 2243 entitatis
388 2183 419 2241 et
441 2173 577 2244 veritatis
599 2194 715 2252 rerum,
731 2173 843 2263 quippe
865 2172 1113 2262 quae-dicuntur
1134 2192 1185 2240 re·

60 2296 142 2364 rae,
165 2285 318 2364 quatenus
339 2277 538 2344 consentiunt
570 2299 642 2345 cum
678 2277 754 2345 ideis
776 2276 892 2345 Divinis
917 2275 941 2344 ².
967 2275 1051 2362 Ergo
1076 2277 1185 2343 recitas

60 2400 168 2448 rerum
189 2377 377 2455 naturalium
412 2378 561 2467 posterior
593 2368 820 2451 estlntellectu
843 2378 963 2447 Divino.
988 2379 1029 2446 Αι
1061 2398 1110 2445 res
1133 2396 1187 2445 na·

60 2484 175 2552 rurales
197 2492 271 2550 sunt
294 2503 438 2550 mensura
462 2480 599 2551 veritatis
628 2491 807 2553 nostrorum
830 2490 1047 2568 conceptuum,
1072 2480 1185 2567 quippe

57 2582 112 2674 qui
134 2584 279 2653 dicuntur
303 2582 377 2668 veri,
400 2593 555 2674 quatenus¹
572 2582 772 2652 consentiunt
787 2603 859 2651 eum
875 2581 947 2670 ipsis
962 2581 1053 2657 rebus
1077 2582 1101 2648 ³.
1121 2582 1181 2651 Er·

60 2706 103 2776 go
123 2685 235 2757 ueritas
257 2707 362 2755 rerum
393 2697 439 2755 est
462 2682 567 2775 prior,
590 2706 684 2774 quam
707 2686 816 2756 veritas
839 2683 934 2753 nostri
959 2685 1128 2755 intellectus
1150 2689 1177 2754 ⁴.

57 2787 123 2857 lam
146 2808 190 2859 ex.
206 2789 265 2857 ime
287 2786 364 2876 ipse,
388 2787 472 2875 quod
494 2807 543 2858 res
566 2786 647 2874 ipsae
669 2786 731 2857 sint
760 2798 904 2859 mensura
927 2784 1100 2857 intellectus
1123 2808 1181 2857 na-

57 2890 138 2974 stri,
162 2900 254 2979 atque
275 2910 383 2960 eurum
408 2910 550 2959 mensura
574 2890 637 2959 siut
667 2889 850 2978 exemplaria
874 2888 973 2957 Dirini
996 2890 1183 2977 interimens,

56 2993 257 3083 consequitur
280 2993 436 3062 veritatem
459 2991 599 3082 logicam,
629 3013 707 3081 quae
730 3002 777 3062 est
798 2991 954 3062 obiectum
971 2992 1068 3061 nostri
1091 2991 1181 3062 intel·

55 3101 177 3184 lectus,
201 3097 240 3165 ab
262 3094 356 3187 ipsius
379 3094 548 3166 intellectus
569 3094 775 3165 aestimatione
805 3114 867 3162 nou
891 3096 1045 3184 pendere,
1070 3095 1122 3164 sed
1147 3095 1179 3165 i'n

59 3201 125 3292 ipsa
160 3197 293 3269 realitate
317 3219 446 3277 rerum,
471 3207 501 3264 et
525 3196 593 3266 ideo
615 3196 653 3267 'in
676 3196 922 3293 irnnnutabilibus
955 3195 1181 3286 exemplaribus

57 3301 159 3372 Divini
181 3301 354 3371 Intellectus
378 3300 614 3368 fundamentum
636 3298 758 3368 habere.

103 3405 169 3475 Hoc
191 3425 291 3473 unum
315 3401 387 3472 satis
410 3410 482 3489 est,
508 3410 543 3469 ut
565 3399 741 3469 refellantur
769 3409 834 3465 tum
871 3409 984 3469 veteres
1007 3399 1179 3490 Sopbistae,

57 3506 111 3599 qui
134 3505 291 3576 veritatem
315 3504 445 3594 logicam
469 3522 532 3571 non
554 3522 621 3573 esse
642 3503 825 3588 absolutam,
842 3502 894 3570 seri
918 3501 1086 3591 relativum,
1113 3515 1182 3574 tum

58 3618 197 3681 recentes
230 3626 410 3698 progressus
443 3616 636 3694 assertores,
668 3605 723 3696 qui
739 3604 829 3673 ¹illam
853 3605 964 3675 mutari
988 3616 1019 3675 et
1042 3608 1213 3705 progredi
1267 3678 1270 3683 .

58 3710 264 3783 contendunt:
293 3730 308 3774 e
334 3706 405 3776 Non
427 3704 509 3776 enim
532 3704 574 3774 ita
590 3707 658 3776 ideo
673 3716 719 3777 est
742 3705 774 3774 in
798 3726 841 3792 re,
858 3704 931 3794 quia
947 3705 1066 3776 ridetur
1079 3709 1182 3797 nobis;

56 3816 112 3887 sed
127 3812 227 3903 magis
240 3811 313 3902 quia
336 3810 376 3878 ita
391 3820 436 3881 est
451 3807 483 3876 in
498 3830 542 3898 re,
560 3830 665 3878 rerum
681 3810 826 3899 estquod
848 3808 968 3879 videtur
990 3808 1108 3882 nobis⁵
1135 3837 1166 3881 ι.

93 3987 118 4055 ¹)
139 3987 199 4044 vid.
218 4001 243 4044 ι.
263 3983 378 4051 Τὴοω.,
398 3983 421 4053 t,
439 3988 466 4052 lp.
489 3980 563 4053 ΧΙΧ,
582 3996 610 4037 a.
630 3979 647 4035 t
666 3996 694 4039 e.

93 4074 120 4144 a)
138 4072 201 4129 vu.
223 4088 249 4142 ρ.
264 4065 465 4138 atcere-³)
485 4067 550 4125 vu.
569 4065 656 4122 cera..

92 4150 119 4229 ⁴)
137 4158 198 4213 vid.
217 4172 241 4213 s.
261 4156 376 4221 'l'tnoru.,
397 4154 450 4226 Qp.
470 4152 580 4225 utepp,
604 4152 644 4207 De
664 4150 750 4219 Ver„
769 4165 797 4219 q.
818 4148 842 4219 1,
860 4164 888 4206 a.
908 4148 937 4208 2.

92 4245 118 4316 5)
134 4243 165 4301 [Β
184 4241 236 4299 Hb·
255 4240 266 4298 ι
284 4240 379 4314 Sem,
398 4241 468 4306 um·
490 4237 564 4313 xlv,
583 4254 612 4312 q·
634 4236 668 4311 v,
686 4250 715 4295 8ο
731 4234 750 4292 2
768 4235 805 4293 fid
823 4232 853 4293 2·
