2760 4770
63 416 151 478 actus
174 408 302 479 rationis
323 409 476 478 humanae
499 407 666 478 differentia
691 405 876 494 intercedit,
900 426 979 496 quae
1002 406 1082 476 inter
1102 405 1191 496 quio

64 523 140 599 tem,
164 522 195 582 et
218 521 336 583 motum
358 511 472 594 existit3
498 511 646 601 siquidem
662 511 830 599 intelligere
845 511 1021 578 immediate
1035 520 1081 577 est
1096 529 1192 598 quac-

62 614 135 684 dam
156 616 244 703 quies
268 615 391 684 rationis
414 616 574 700 humanae,
590 614 757 703 intelligere
780 623 881 681 autem
905 613 1035 680 modiolo
1057 622 1103 678 est
1124 609 1194 700 qui-

60 717 133 784 dam
157 729 261 786 motus
282 717 360 786 cius.
385 717 463 784 Hinc
484 717 576 785 etiam
599 715 701 786 existit
723 714 880 784 distinctio
905 714 983 782 inter
1011 712 1191 801 iatclh'pcrc,

62 827 96 885 et
117 820 204 886 scire:
235 840 249 883 ι
275 818 342 907 lpsa
364 817 513 906 cognitio,
538 817 580 885 ait
602 841 628 887 ε.
654 816 806 900 Thomas,
831 815 1001 886 secundum
1023 813 1106 904 anod
1128 823 1192 883 stat
1258 843 1261 849 ·

61 917 95 988 in
121 919 287 1008 principiis,
312 920 421 1009 accipit
444 942 558 990 nomen
580 919 766 1000 intellectus
791 919 959 988 erundum
982 927 1085 985 autem
1108 917 1193 1005 quod

61 1021 220 1091 derivatur
234 1022 272 1091 ad
286 1020 511 1108 conclusiones,
534 1042 614 1111 quae
636 1040 674 1090 en
697 1018 855 1109 principiis
871 1030 1114 1107 cognoscuntur,
1143 1040 1194 1086 ac·

61 1126 139 1216 cipit
161 1146 273 1197 nomen
297 1126 438 1197 scientiae
454 1127 467 1168 ¹
486 1151 515 1193 ι.
541 1126 688 1206 Quocirca
714 1147 729 1188 r
755 1123 877 1192 habitus
901 1123 1120 1211 principiorum
1143 1123 1191 1190 di-

60 1228 145 1298 citur
168 1227 350 1315 intellectus,
376 1238 407 1297 et
429 1229 552 1299 habitus
575 1226 782 1297 conclusionis
799 1225 933 1295 scientia.
955 1223 1106 1304 Quoniam
1125 1225 1194 1313 plu·

62 1327 182 1398 nimum
205 1329 375 1403 intellectus
399 1331 476 1401 lucis
490 1331 652 1400 etiormae
667 1330 779 1398 hahent
796 1327 954 1420 principia,
972 1326 1192 1416 propterquod

63 1452 83 1500 a
106 1432 204 1501 forma
228 1432 399 1502 intellectus
421 1433 635 1503 nominantur.
661 1432 719 1500 Sed
744 1430 909 1499 minimum
933 1439 964 1498 ει
985 1430 1073 1518 quasi
1090 1450 1143 1517 per
1158 1449 1191 1497 a·

63 1533 134 1602 liud
156 1533 293 1603 medium
317 1536 355 1604 de
377 1534 494 1604 lumine
517 1534 686 1603 intellectus
709 1531 951 1615 habetscientia;
968 1533 1192 1624 propterquod

63 1635 150 1705 aliud
172 1637 299 1706 sortitur
321 1639 505 1707 uocabulum
523 1637 536 1676 ²
564 1662 594 1708 ι.
642 1646 646 1653 ’

109 1736 205 1804 Xllll.
232 1737 389 1810 luruurro
413 1739 836 1811 rnrurnucrus-lnnsnuo
861 1756 1073 1807 rouunrnns.
1092 1738 1197 1806 iratam

61 1843 107 1909 tio
130 1841 297 1912 intellectam
319 1843 397 1913 nihil
420 1842 502 1911 aliud
526 1853 595 1928 εει,
623 1861 716 1930 quam
741 1847 918 1926 conceptus,
941 1858 1004 1926 qno
1026 1838 1199 1914 intellectus

60 1963 131 2013 rem
153 1943 288 2033 aliquam
310 1945 478 2032 cognoscit,
512 1964 582 2010 nam
607 1943 787 2024 intellectus,
813 1960 877 2007 rem
900 1939 1141 2028 apprehendens,
1166 1941 1201 2009 in

59 2042 162 2135 ipsam
196 2043 303 2114 tendit.
328 2043 461 2119 Intentio
483 2056 586 2112 autern
608 2042 773 2111 colatrtletis
798 2041 886 2127 lato,
919 2050 951 2109 et
973 2042 1098 2131 proprio
1126 2063 1200 2111 scu-

61 2165 102 2213 su
124 2145 236 2234 acccipi
260 2155 368 2234 potest.
395 2145 428 2213 Si
452 2145 552 2234 primo
573 2167 664 2215 sensu
688 2155 840 2224 soluatur,
865 2152 911 2212 ost
927 2152 1014 2212 actus
1030 2145 1196 2216 voluntatis

62 2245 188 2335 liberae,
212 2247 331 2337 quoin
355 2247 478 2336 aliquid,
497 2248 540 2315 uti
564 2249 730 2332 obiectum,
756 2249 800 2315 vel
824 2247 917 2316 finem
941 2246 1048 2314 iertnr.
1074 2245 1126 2315 Sin
1150 2249 1196 2316 al-

61 2357 143 2436 tero,
167 2359 215 2420 est
236 2361 322 2420 actus
344 2351 511 2419 voluntatis
543 2352 694 2420 tendentis
716 2349 748 2416 in
771 2349 886 2437 aliquid
909 2370 962 2437 per
985 2349 1085 2436 aliqua
1108 2351 1146 2417 nd
1172 2349 1196 2417 i-

64 2469 157 2540 psum
181 2452 275 2521 finem
298 2452 449 2534 ordinnla;
472 2473 581 2538 nempe
597 2450 738 2540 ¹implicat
760 2450 898 2518 ordinem
921 2449 964 2535 fad
987 2452 1081 2518 linem
1114 2473 1196 2521 asse·

62 2553 224 2641 quendum
248 2552 433 2643 permedia:
463 2574 477 2617 ι
504 2552 649 2640 intentio,
674 2552 717 2619 ait
740 2572 767 2620 s.
792 2551 1015 2639 Bonaueutura,
1039 2553 1118 2622 idern
1134 2566 1193 2646 est,

61 2653 147 2744 quod
171 2657 311 2726 uoluntas
334 2654 523 2742 mliocinata,
550 2664 641 2743 prout
664 2654 807 2743 dirigitur
822 2653 855 2722 in
877 2655 971 2724 sanem
989 2655 998 2694 ³
1019 2680 1049 2726 n.
1068 2657 1195 2736 Quocir-

63 2778 99 2825 ca
124 2759 252 2826 intentio
285 2756 408 2845 proprie
432 2767 553 2846 accepta
577 2777 640 2824 non
663 2766 710 2825 εει
732 2766 843 2842 ειιιιε,
867 2777 929 2844 quo
958 2758 1099 2826 voluntas
1122 2759 1197 2827 sim⁴

64 2859 186 2948 pliciter
209 2861 307 2929 lentur
330 2860 361 2927 in
385 2858 518 2946 aliquem
542 2861 657 2945 linem,
688 2860 739 2928 sed
762 2869 809 2927 εει
830 2868 943 2945 εειιιε,
967 2879 1030 2947 qno
1054 2861 1196 2929 uoluntas

68 2983 261 3050 perunum,
285 2961 368 3050 quod
393 2962 484 3047 nult,
509 2960 540 3029 in
563 2960 646 3028 aliud
677 2959 832 3047 peruenire
854 2959 974 3028 nititur.
1000 2960 1078 3028 Nam
1105 2984 1119 3025 r
1146 2982 1198 3048 per

63 3064 137 3152 hoc,
160 3066 245 3153 quod
268 3063 381 3133 dicitur
404 3062 436 3130 in
459 3063 574 3153 aliquid
597 3063 735 3149 tendere,
761 3063 911 3150 quaedam
933 3062 1076 3132 distantia
1100 3065 1196 3154 illius,

63 3164 100 3236 iu
122 3169 215 3254 quod·
231 3165 338 3251 tendit,
363 3165 575 3254 significatur;
600 3178 631 3234 et
653 3167 721 3235 ideo
743 3167 865 3254 quaudo
887 3165 1038 3256 appetitus
1053 3167 1150 3237 fertur
1165 3169 1196 3239 in

63 3267 190 3358 aliquod
212 3265 396 3351 immediate,
429 3285 493 3333 non
517 3265 629 3334 dieitur
653 3265 774 3354 proprie
796 3287 862 3337 esse
884 3267 1014 3336 intentio
1036 3267 1130 3355 illius,
1148 3270 1201 3340 sed

64 3369 191 3459 quaudo
214 3389 267 3458 per
290 3390 401 3454 uuum,
427 3367 509 3454 qarod
533 3368 609 3454 vult,
635 3368 667 3434 in
690 3366 772 3435 aliud
795 3368 948 3455 peruenire
963 3368 1084 3454 nititur,
1101 3372 1197 3460 illius,

65 3474 107 3542 ad
129 3475 213 3562 quod
237 3471 393 3562 peruenire
416 3469 533 3555 nititur,
558 3469 670 3538 dicitur
700 3491 766 3540 esse
789 3469 918 3540 intentio
937 3493 970 3549 n;
985 3493 1014 3541 c.
1031 3493 1079 3561 g,
1100 3497 1115 3538 r
1135 3495 1200 3546 non

67 3575 172 3643 solum
194 3595 232 3644 ex
256 3574 315 3642 hoc
337 3571 469 3641 dicimur
492 3571 647 3641 intendere
670 3572 845 3658 sanitatem,
870 3573 940 3660 quia
958 3576 1101 3644 uolumus
1117 3597 1197 3666 cam,

67 3676 122 3748 sed
145 3675 218 3765 quia
240 3677 384 3745 volumus
406 3675 444 3743 ad
466 3695 533 3743 eam
556 3695 610 3762 por
632 3674 745 3763 aliquid
769 3672 853 3742 alind
876 3675 1032 3763 peruenire
1051 3702 1082 3747 ι.
1098 3678 1199 3758 Quare

69 3801 87 3844 c
117 3776 247 3846 intentio
269 3776 440 3846 iuratione
462 3796 516 3845 sua
539 3775 678 3846 ordinem
701 3776 865 3866 quemdam
893 3777 986 3846 unius
1007 3780 1045 3847 ad
1068 3781 1199 3851 alterum

68 3875 323 3971 importat;‚ordo
345 3887 449 3946 autem
472 3877 566 3948 unius
588 3880 625 3947 ad
648 3877 778 3945 alterum
801 3888 945 3966 nonest,
969 3877 1027 3949 nisi
1045 3899 1099 3969 per
1113 3881 1201 3952 iutel-

107 4109 135 4185 ιι
154 4111 186 4170 ιι
206 4111 257 4169 ιιι.
278 4112 314 4168 ιιι
333 4109 429 4183 sena,
450 4111 520 4168 unc
540 4108 665 4178 xxvru,
683 4128 710 4180 q.
732 4109 754 4177 ι,
773 4088 801 4165 ι.
821 4107 840 4164 c
857 4111 913 4166 sor.

103 4198 128 4267 ²)
150 4196 182 4254 B.
205 4196 269 4253 Alb.
290 4196 342 4265 Μ,
363 4193 405 4252 De
425 4196 579 4252 Intellecta
598 4205 625 4252 ει
644 4193 841 4265 lemingildi,
861 4194 910 4249 lib.
932 4192 955 4263 l,
981 4200 1064 4254 tract.
1080 4193 1108 4267 d,
1126 4212 1153 4253 c.
1167 4197 1197 4257 2.

103 4281 130 4358 3ι
150 4283 181 4341 ιι
201 4282 252 4340 un.
272 4281 307 4337 rr
328 4281 426 4352 senc,
446 4279 516 4338 ursi.
539 4276 584 4351 vr,
604 4293 631 4350 p.
650 4276 680 4352 2,
699 4292 727 4335 a.
746 4278 781 4352 n,
800 4297 828 4351 q.
843 4277 966 4338 crena.
