2760 4770
242 266 287 341 ὤ
680 261 840 332 -Β-

196 385 261 454 ‘sub
275 381 394 454 ratione
417 383 489 453 boni
512 383 676 473 appetitur,
700 382 872 450 othonum
895 378 934 447 nb
957 377 1110 449 intellectu
1133 377 1195 445 sub
1210 376 1322 446 ratione

201 486 265 556 reri
289 486 477 576 intelligitur.

245 587 323 659 tur.
350 587 462 659 Bonuu
486 605 550 658 nor
573 607 633 658 usr
659 602 743 656 nono
773 601 995 654 corruimus.
1021 582 1110 669 idest,
1127 582 1254 670 quoties
1271 583 1323 650 bo·

200 709 277 758 num
302 690 392 761 habet
414 691 613 775 eontrarium,
640 689 669 757 id
702 689 844 774 malum,
869 708 931 756 uon
955 688 1070 756 bonum
1093 696 1153 755 est.
1180 685 1246 754 tam
1270 687 1323 753 hoo

200 792 326 861 effatum
349 794 450 884 quood
474 795 554 863 bona
577 791 728 862 naturalia
743 791 954 879 explicandum
970 802 1016 860 est
1030 790 1114 858 huuc
1130 790 1164 856 in
1180 788 1320 856 modum:

202 892 234 962 Si
257 896 307 963 cui
331 895 469 964 subiecto
491 916 589 962 unum
613 890 801 962 contrariom
826 893 942 961 bonum
971 901 1042 979 est,
1064 901 1098 960 et
1119 887 1321 975 conveniens,

201 995 333 1065 altorum
358 998 472 1065 matum
494 1006 552 1083 est,
573 1009 604 1064 ει
620 996 760 1077 noxium,
780 1005 851 1083 puta
874 994 1021 1081 subiecto,
1046 993 1096 1063 eui
1117 992 1274 1080 convenit,
1296 1001 1324 1059 et

201 1097 302 1166 bonus
324 1111 369 1168 est
385 1101 477 1185 calor,
492 1098 640 1187 frigiditas
656 1110 703 1168 est
721 1099 809 1165 ruofo.
827 1097 914 1176 Quod
931 1099 958 1168 si
971 1098 1034 1165 duo
1048 1095 1201 1166 contrario
1219 1115 1324 1165 secun·

198 1202 274 1271 dum
289 1226 320 1273 se
335 1217 516 1293 spectentur,
536 1215 633 1295 potest
648 1212 816 1292 utrumque
830 1223 896 1270 esse
910 1201 1062 1290 quoddam
1088 1201 1209 1269 bonum
1233 1210 1321 1268 natu-

201 1329 264 1394 rae,
277 1330 358 1396 e.g.,
383 1309 528 1396 calidum,
544 1321 574 1377 et
599 1307 757 1397 frigidum,
769 1327 904 1394 quorum
921 1328 1018 1375 unum
1033 1317 1080 1375 est
1102 1307 1225 1375 bonum
1250 1305 1321 1394 igni,

201 1411 330 1478 alterurn
354 1411 471 1480 bonum
492 1431 588 1500 aquae
606 1410 629 1479 ¹.
655 1409 740 1478 Circa
765 1411 844 1476 bona
874 1409 998 1477 moralia
1028 1418 1131 1477 autem
1154 1427 1323 1494 numquam

201 1512 303 1581 evenit
326 1523 360 1581 ut
383 1513 464 1580 bono
491 1511 531 1582 sit
553 1510 744 1580 eontrarium
773 1511 918 1598 bonum,
942 1509 1092 1599 siquidem
1114 1508 1252 1578 iustitiae
1273 1530 1322 1596 op

202 1614 330 1702 ponitur
353 1614 517 1698 iniustitia,
538 1612 645 1681 virtuti
675 1612 797 1684 ritium.
822 1614 859 1681 Et
882 1634 964 1700 saue,
990 1614 1069 1681 bona
1093 1610 1225 1680 moralia
1248 1611 1324 1681 deri·

202 1722 318 1786 uontrtr
338 1738 379 1786 ear
399 1718 607 1786 convertentia
628 1717 671 1784 ad
698 1717 816 1806 aliquid
848 1738 947 1786 unum
964 1770 974 1804 ,
991 1716 1106 1784 scilicet
1130 1717 1284 1799 rationem
1300 1711 1323 1779 ².

202 1815 284 1886 ltine
309 1841 325 1884 ε
351 1818 469 1887 bonum
486 1822 578 1889 unius
599 1818 719 1888 virtutis
735 1839 797 1886 non
814 1818 1015 1888 contrariatur
1029 1818 1111 1887 bono
1126 1817 1255 1889 alterius
1270 1816 1326 1884 vir·

204 1920 278 1990 tutis
295 1920 342 1989 ἐ.
360 1921 438 1990 ΜεΙο
461 1934 564 1991 autem
587 1923 751 2012 aliquando
780 1921 909 2006 bonum,
934 1933 969 1990 ut
993 1921 1146 1988 timiditati
1170 1919 1326 2005 fortitudo,

204 2022 366 2109 aliquando
388 2025 516 2111 matum,
542 2036 577 2093 ut
599 2023 752 2092 timiditati
781 2022 945 2108 temeritas,
970 2022 1157 2090 eontrarium
1181 2033 1243 2106 est;
1261 2043 1326 2092 nam

206 2124 347 2211 quamvis
370 2125 487 2193 malum
511 2149 583 2196 eum
606 2128 688 2194 malo
712 2125 745 2195 in
767 2125 884 2193 ratione
900 2124 971 2192 mali
988 2125 1080 2214 probe
1093 2128 1270 2213 conveniat,
1289 2138 1326 2194 ta-

204 2244 278 2294 men
298 2227 357 2296 sub
379 2226 496 2297 mtione
517 2248 667 2314 excessus,
691 2241 721 2294 et
745 2225 880 2296 defectus
902 2225 1061 2314 dissident,
1082 2239 1112 2295 ει
1130 2242 1274 2320 puguant
1287 2230 1327 2297 in·

203 2337 251 2397 ter
271 2348 317 2413 se;
333 2328 406 2399 hine
420 2330 544 2399 avaritia
565 2330 734 2422 opponitur
750 2328 933 2418 profusioni,
951 2350 1022 2398 nam
1039 2329 1184 2418 profusus
1201 2331 1325 2400 nimium

205 2430 364 2521 largitur,
388 2455 499 2503 avarus
522 2454 642 2525 purum.
667 2432 771 2522 ltaque
799 2433 916 2500 matum
941 2434 1022 2502 mato
1047 2435 1247 2503 eontrarium
1269 2454 1326 2503 esse

205 2545 315 2624 potest,
340 2536 421 2607 bono
445 2558 508 2607 non
533 2539 618 2623 item,
642 2536 736 2625 quia,
762 2537 1023 2623 quemadmodum
1053 2556 1114 2604 una
1139 2547 1264 2605 tantum
1285 2534 1324 2605 ria

207 2657 338 2727 scopum
359 2640 509 2727 attingere
531 2639 611 2726 licet,
634 2640 686 2707 sod
711 2637 817 2706 multis
844 2638 884 2705 ab
905 2658 942 2706 eo
963 2640 1115 2722 aterme,
1141 2639 1184 2706 ita
1201 2640 1325 2709 nnioaet

208 2737 340 2827 simplex
363 2752 410 2811 est
435 2742 554 2812 virtutis
581 2741 669 2826 ratio,
701 2763 757 2810 nec
782 2763 928 2829 umquam
952 2763 1056 2810 ser-um
1079 2742 1259 2832 dissidens,
1281 2742 1324 2812 sed

207 2842 367 2932 multiplex
391 2845 550 2933 vitiorum,
574 2857 605 2915 et
625 2867 713 2934 saepe
740 2846 796 2914 sibi
819 2846 983 2928 contraria,
1009 2849 1054 2912 ret
1076 2842 1148 2935 quia
1171 2867 1260 2916 nune
1279 2867 1323 2914 ex-

208 2944 358 3034 oedimus,
382 2970 467 3019 nuuc
488 2950 673 3037 deficimus,
700 2951 744 3017 ret
774 2949 846 3037 quia
871 2948 1024 3016 modoad
1046 2949 1219 3037 dexteram,
1243 2947 1325 3018 modo

208 3046 246 3115 ad
268 3048 424 3120 sinistram
448 3073 604 3142 perperam
633 3051 801 3122 currimus:
831 3075 846 3116 i
873 3050 1078 3142 Nequaquam
1096 3053 1181 3121 bono
1203 3052 1323 3142 opponi-

209 3159 262 3216 tur
284 3149 414 3233 bonum
438 3157 528 3224 cuius
549 3175 641 3224 causa
664 3166 720 3238 est,
744 3153 817 3241 quia
840 3152 958 3222 ionum
980 3164 1037 3241 est,
1062 3165 1097 3221 ut
1118 3153 1196 3222 dicit
1216 3155 1323 3223 Aristo·

209 3250 372 3320 telesini
396 3253 512 3341 etto,
535 3278 572 3325 ex
599 3276 660 3323 una
687 3255 751 3322 sola
774 3264 806 3321 ει
828 3263 892 3320 tota
914 3273 1030 3341 eausa,
1053 3274 1206 3326 excausa
1230 3267 1322 3341 actus,

209 3361 242 3420 ει
262 3362 346 3441 artu,
368 3367 400 3424 ει
422 3357 662 3428 circumstantiis
685 3355 805 3445 agentis
828 3368 860 3423 ει
882 3367 969 3424 aetus
991 3355 1023 3424 iu
1047 3357 1109 3425 fine
1130 3371 1323 3450 congregate

207 3466 241 3524 ει
261 3455 330 3526 ideo
354 3458 470 3528 bonum
493 3471 540 3530 est
563 3461 744 3529 uniforme:
772 3457 924 3528 uniforme
956 3469 1058 3527 autem
1090 3459 1322 3530 conformium

208 3559 402 3647 opponitur,
435 3583 491 3630 nec
513 3563 628 3652 opponi
653 3571 774 3651 potest,
813 3558 886 3649 quia
910 3559 1064 3630 uniforme
1087 3561 1236 3631 uniformi
1259 3585 1322 3634 eon·

204 3662 305 3748 renit,
328 3673 359 3731 et
381 3685 445 3732 non
469 3676 568 3755 potest
589 3685 654 3734 esse
675 3664 866 3753 oppositum;
889 3674 921 3732 et
943 3664 1011 3734 ideo
1032 3664 1104 3734 dicit
1127 3665 1320 3753 Aristoteles,

206 3764 289 3848 quod
312 3767 417 3835 omnia
439 3767 638 3837 oonsonantia
661 3788 731 3836 reia
751 3778 782 3835 et
804 3767 885 3836 bona
908 3781 994 3838 sunt.
1011 3769 1134 3838 Falsum
1149 3782 1255 3840 autem
1271 3782 1321 3839 sta·

207 3860 265 3928 tim
288 3862 425 3936 dissonat
447 3891 542 3952 rero3
565 3881 596 3938 et
619 3870 735 3937 malum
760 3869 861 3938 statim
884 3871 1020 3939 dissonat
1043 3872 1154 3942 bono.
1175 3926 1185 3945 .
1206 3875 1320 3945 ‚Num-

205 3989 300 4056 quam
324 3971 479 4045 inrenitur
501 3975 618 4044 bonurn
642 3975 725 4044 bono
748 3975 952 4062 eontrarium,
975 3976 1026 4045 sed
1049 3995 1182 4051 concurs
1203 3990 1251 4050 est
1263 4002 1272 4066 ;
1294 3980 1319 4050 in

248 4185 272 4254 ¹)
292 4187 446 4261 122¹·‚q
467 4191 570 4260 xxxt,
588 4205 616 4246 a.
637 4188 656 4245 8
674 4189 709 4245 atl
732 4188 756 4242 l.
777 4217 812 4234 -
832 4191 855 4258 ²)
872 4191 949 4247 ibid.
1103 4249 1110 4255 ,

249 4270 272 4343 ³)
293 4274 345 4347 oq.
365 4276 478 4348 dispo,
498 4273 539 4337 οο
560 4274 682 4348 irride,
701 4293 730 4349 q.
752 4275 786 4349 tf,
805 4290 834 4332 o.
855 4275 887 4333 12
906 4277 941 4335 ml
961 4277 1022 4338 Ι2.“
