2744 4770
140 373 182 445 X.
207 373 425 459 Quo-Quom
444 375 503 447 oet:
516 373 564 447 Ur
580 373 739 453 Qun-Ur
753 391 852 451 ouon.
870 371 1021 441 Dicuntur
1040 370 1070 439 l'
1088 372 1125 439 de
1140 370 1224 460 prin-

101 475 179 569 cipio
201 477 318 569 aliquid
342 479 539 568 producente.
566 476 763 566 Principium
785 475 866 564 qttod
887 486 932 544 εει
955 492 1095 565 persona,
1113 475 1161 542 vel
1178 484 1224 542 to

101 588 167 663 lum
188 581 396 672 compositum
417 601 524 671 agens.
549 580 614 650 Hoc
636 599 729 649 sensu
757 577 882 646 dicitur:
904 577 1043 647 Actiones
1057 581 1128 645 sunl
1151 595 1222 665 snp-

101 685 269 775 posilorttm
293 684 320 756 ¹.
344 685 539 776 Principium
561 706 621 773 quo
649 692 696 750 εει
720 682 828 768 uirtus,
851 701 912 769 qua
934 680 1013 747 actio
1030 677 1223 768 producitur.

101 782 224 855 Rursus
241 787 434 879 principium
456 809 516 876 pne
538 787 584 856 rel
604 786 787 876 proximum
809 793 865 869 est,
892 783 938 852 vel
960 787 1124 850 rcrrwluin.
1146 779 1225 848 Pro-

101 886 225 957 rimum
246 897 294 957 est
315 888 421 973 uirtus,
450 910 486 958 ex
510 908 571 977 quo
595 885 768 955 immediate
790 884 910 954 elicitur
933 881 1039 962 actio;
1065 883 1230 950 Remolum
1304 895 1306 899 ·

101 1000 206 1059 tutem
229 999 276 1060 εει
298 989 383 1057 rudia
407 988 567 1074 facultatis
591 1008 684 1077 arpua
710 985 882 1054 immediate
912 982 1033 1053 elicitur
1061 980 1151 1052 aetio.
1170 979 1230 1052 Ex.

101 1112 170 1184 gr„
193 1089 228 1159 in
249 1089 368 1163 aclibus
392 1091 562 1162 intellectus
589 1101 621 1162 ει
644 1091 817 1175 uoluntatis,
837 1111 964 1181 persone
982 1087 1061 1158 Petri
1077 1098 1123 1158 εει
1141 1087 1234 1177 pritt-
1336 1168 1361 1187 ..

101 1194 217 1287 a'piwn
240 1192 332 1284 puoch
357 1203 464 1275 natura
488 1193 622 1261 humana
651 1202 698 1262 εει
719 1193 910 1282 prinicipium
925 1212 985 1279 qno
999 1194 1164 1271 reinolum3
1182 1187 1231 1256 in·
1348 1182 1350 1187 ’

101 1296 242 1367 ιεΙΙεειιιε
279 1304 310 1364 ει
332 1296 472 1366 voluntas
503 1295 695 1386 principium
724 1317 783 1384 quo
806 1297 998 1384 proximum.
1025 1291 1057 1363 ⁰2⁰
1081 1290 1234 1360 Dicuntur

101 1398 137 1469 le
164 1395 299 1466 termino
320 1395 448 1466 alicuius
472 1395 692 1486 productionis.
725 1394 843 1464 Scilicet
868 1394 1015 1464 terminus
1040 1399 1075 1463 ul
1089 1392 1171 1482 qnod
1186 1402 1234 1463 est

100 1489 173 1591 ipsa
195 1507 259 1566 tota
282 1517 356 1585 εεε,
380 1517 459 1587 quae
482 1495 672 1585 producitur.
694 1495 859 1564 Terminus
885 1494 1094 1584 productionis
1120 1501 1155 1565 ιιι
1176 1515 1237 1584 quo

101 1597 246 1669 consistit
269 1597 302 1667 in
325 1599 429 1688 aliquo
458 1619 497 1667 en
519 1597 685 1688 principiis,
712 1596 793 1666 unde
815 1618 864 1666 res
886 1596 1095 1665 constituitur.
1121 1595 1158 1664 E.
1185 1617 1233 1686 g,

101 1719 238 1790 persona
262 1699 342 1769 Petri
363 1711 410 1771 εει
433 1701 585 1772 terminus
615 1701 682 1770 eius
706 1700 912 1789 generationis
934 1705 969 1767 ul
983 1698 1076 1789 puod;
1100 1696 1166 1767 cius
1180 1718 1236 1766 au-

101 1816 174 1875 tern
197 1814 308 1874 natura
330 1816 378 1876 est
399 1809 548 1878 terminus
570 1815 605 1879 ul
625 1830 697 1898 peto.
713 1808 746 1878 3⁰
769 1807 926 1877 Obiectum
950 1815 983 1876 ul
999 1808 1080 1897 qood
1101 1818 1147 1876 est
1162 1807 1238 1876 illud

101 1905 228 1999 ipsum,
250 1906 290 1975 ad
317 1908 400 1997 quod
423 1911 569 2001 potentia,
593 1911 639 1978 vel
661 1906 786 1978 scientia
809 1906 1097 1998 spectatohieotunn
1120 1914 1154 1978 ul
1176 1930 1237 1999 qtto

101 2018 152 2077 sot
179 2006 301 2099 propria
327 2009 430 2098 ratio,
456 2021 695 2102 propterquam
719 2011 864 2100 potentia,
891 2013 936 2080 vel
959 2009 1083 2080 scientia
1106 2009 1185 2079 circa
1202 2034 1235 2080 a·

101 2105 210 2205 liquid
237 2122 384 2185 versatur.
404 2113 458 2184 llel
473 2113 629 2184 obiecturn
653 2113 734 2202 qnod
755 2124 801 2183 εει
825 2113 927 2201 illud,
951 2113 1035 2202 quod
1059 2111 1240 2183 inscientia

101 2213 515 2287 denominationum
530 2239 592 2306 qno
606 2215 744 2287 consistit
760 2216 792 2284 iu
807 2217 928 2303 mediis,
941 2217 1055 2305 quibus
1072 2217 1241 2307 probantur

101 2313 327 2391 conclusiones
360 2317 394 2387 in
416 2318 520 2388 eadem
536 2318 663 2390 scientia
686 2317 713 2391 ².
738 2319 773 2390 li
804 2320 841 2390 tlt
862 2321 944 2410 prrod
964 2320 1117 2409 significat
1139 2322 1242 2390 subie-

101 2429 231 2504 uum,
253 2416 305 2487 cui
328 2420 448 2509 proprie
469 2420 614 2492 convenit
635 2420 759 2510 aliquod
781 2422 989 2509 attributum,
1015 2423 1062 2491 vel
1091 2423 1243 2512 quaedam

102 2515 334 2591 denominatio:
352 2526 386 2589 ul
399 2542 460 2610 quo
484 2522 595 2591 indicat
619 2522 793 2610 rationem,
811 2532 934 2611 propter
955 2544 1047 2612 quarn
1070 2524 1243 2595 subiectum

101 2632 166 2711 est,
194 2622 243 2690 rel
262 2620 480 2693 denominatur
502 2627 584 2711 tale3
608 2645 638 2697 ε.
663 2645 710 2714 g,
736 2624 786 2695 hic
808 2624 959 2696 terminus
981 2625 1091 2713 albu,
1116 2625 1141 2696 si
1164 2627 1242 2696 aeci-

106 2723 392 2817 picturatum,
415 2724 570 2816 significet
592 2728 759 2818 parietem,
784 2728 945 2816 relatiua,
970 2729 1053 2817 quod
1076 2728 1188 2798 dicitnr
1201 2732 1247 2798 al-

107 2824 211 2909 bunn
234 2824 284 2897 sin
305 2839 406 2899 autern
429 2837 463 2900 ol
487 2852 547 2920 qtto
569 2832 692 2900 denotet
709 2832 806 2923 ipsum
829 2830 1042 2904 albitudinern.
1070 2830 1135 2901 Hoc
1157 2851 1251 2902 sensu

108 2925 274 3003 muninus
298 2943 438 3021 acceptus
458 2935 501 3017 ull
513 2935 595 3024 quod
615 2935 729 3004 dicitur
749 2933 841 3004 etiam
863 2932 1002 3022 usurpari
1024 2935 1059 3002 in
1081 2940 1186 3018 recto,
1211 2939 1248 3002 ut

110 3050 194 3121 prro,
216 3028 255 3098 itt
274 3028 392 3122 οὸὶιᾉιιο
415 3033 439 3104 ³.
471 3034 504 3104 5ο
528 3034 675 3127 Denique:
701 3033 832 3122 Species
857 3054 910 3122 per
931 3055 1025 3125 quarn
1053 3033 1088 3103 srt
1111 3036 1249 3124 cognitio

113 3130 256 3211 alienus
278 3134 333 3221 rei,
347 3135 566 3225 caldicotam,
590 3158 649 3226 qno
666 3137 715 3205 illa
735 3135 946 3226 cognoscunt
962 3157 1011 3206 res
1026 3145 1130 3204 nutem
1146 3158 1163 3203 a
1178 3157 1247 3225 spe-

115 3234 169 3323 eie
193 3247 415 3325 repraesentata
435 3248 484 3310 εει
504 3239 650 3309 dedero
677 3239 780 3328 quod:
810 3262 824 3304 r
852 3238 973 3326 Species
996 3237 1132 3323 visibilis,
1156 3237 1199 3306 ait
1223 3260 1248 3308 s.

118 3334 274 3424 Thomas,
298 3357 362 3408 non
385 3360 418 3409 εε
438 3338 541 3427 habet,
566 3350 601 3409 ut
623 3341 705 3430 quod
725 3340 857 3428 ridetur,
876 3341 928 3409 sed
944 3350 979 3407 ut
992 3361 1053 3429 qno
1069 3339 1246 3410 ridetur⁴».

119 3438 166 3529 El
190 3438 287 3508 alibi:
315 3440 468 3530 «Species
490 3440 706 3530 intelligibiles,
730 3438 842 3528 quibus
865 3438 1036 3508 intellectus
1051 3439 1201 3529 possibilis
1218 3441 1253 3508 sit

124 3538 158 3629 in
181 3551 268 3627 actu,
292 3562 354 3611 non
374 3553 450 3612 sunt
472 3541 625 3611 obiectum
647 3540 829 3622 intellectus,
846 3559 909 3607 non
930 3539 1014 3607 enirn
1036 3559 1069 3607 εε
1090 3540 1201 3609 tanen
1215 3542 1255 3609 nd

126 3646 331 3732 ιειειιεειειε,
355 3645 435 3715 sicut
456 3645 537 3734 qood
560 3642 760 3733 intelligitur,
784 3643 835 3711 sed
858 3640 937 3711 sicut
957 3663 1019 3730 quo
1043 3641 1184 3731 intelligit
1199 3645 1247 3713 ⁵».

104 3746 222 3836 ωε,
247 3747 360 3836 species
380 3767 443 3816 non
464 3758 511 3816 est
533 3747 703 3834 terminus,
733 3745 765 3814 in
786 3766 878 3835 quern
901 3743 1037 3835 cognitio
1060 3746 1180 3833 lentur,
1206 3749 1258 3816 sed

101 3892 105 3899 -
128 3838 299 3919 dumtaxat
312 3847 506 3941 principium,
522 3871 559 3920 ex
581 3870 644 3940 quo
668 3849 793 3927 incultas
815 3848 968 3940 cognitrix
983 3850 1203 3923 determinatur
1218 3854 1256 3920 ad

168 4092 196 4165 ί)
211 4090 276 4151 Vid.
296 4109 324 4165 p.
343 4091 459 4161 tta-tt
477 4095 542 4153 vid.
564 4095 711 4155 obiectum
728 4092 1062 4166 materiola-formole,
1082 4109 1108 4164 p.
1129 4091 1195 4150 2³6.
1238 4125 1241 4130 ·

163 4177 191 4249 ἰ
209 4178 272 4237 vid.
292 4194 323 4251 p.
342 4174 468 4250 lit-⁴)
487 4179 540 4254 Qo.
559 4179 671 4252 diapp„
693 4198 721 4252 q.
742 4194 792 4237 uu.
813 4177 855 4239 lie
867 4176 919 4252 Sp.
938 4195 999 4255 ota,
1019 4179 1080 4238 a.⁹
1097 4180 1134 4239 ud
1155 4177 1185 4237 6.
1204 4194 1223 4216 -·

135 4284 153 4311 .·
166 4264 195 4335 ὓ)
213 4262 245 4321 l·
264 4261 369 4335 litent
388 4265 433 4323 Be
450 4265 522 4337 Ata,
543 4263 612 4326 lect.
631 4265 702 4325 lllll.

162 4346 371 4421 Sruaonrmo,
385 4350 513 4411 lexicon
1049 4350 1088 4406 19
