2760 4770
46 364 158 463 relatio
181 367 282 440 taliata
304 372 417 462 existit,
448 395 520 442 eum
547 393 563 437 r
586 372 649 442 duo
671 381 805 441 extrema
829 392 893 442 nou
918 377 991 440 sunt
1007 368 1100 441 unius
1122 390 1170 438 or-

41 465 140 551 dinis;
166 469 248 539 sieut
283 494 392 542 sensas
414 484 445 544 et
475 471 600 543 seientia
624 474 801 542 reseruntur
823 473 860 542 ad
884 470 1025 542 sensibile
1061 481 1092 539 et
1115 471 1172 542 sei-

47 566 124 655 bile;
148 593 226 660 quae
248 575 396 665 quidem,
437 577 469 646 in
497 585 648 666 quantum
672 586 746 646 sunt
773 597 821 645 res
843 575 1019 664 quaedam,
1052 571 1173 642 inesse

46 671 181 740 naturali
202 673 376 766 existentes,
400 672 474 747 sunt
504 689 589 746 extra
617 677 754 746 ordinem
778 697 843 746 esse
872 674 1033 760 sensibilis,
1072 683 1102 743 el
1125 673 1173 740 in-

46 771 226 861 telligibilis.
269 777 308 844 Et
331 779 397 847 ideo
420 780 452 846 in
481 778 602 848 seientia
636 775 789 868 quidem,
828 786 857 846 ot
882 798 974 847 seusu
997 785 1044 844 est
1067 774 1173 844 relatio

46 872 323 961 realis,soeundura
347 879 431 967 quod
461 881 644 950 ordinantur
666 880 702 947 ad
726 881 896 966 sciorulum,
915 881 961 948 rel
977 879 1172 949 sentiendum

42 994 125 1056 res;
150 979 200 1044 sed
225 1001 274 1047 res
298 980 488 1070 ipseipse
518 981 723 1052 consideratae
751 993 824 1048 sunt
846 992 931 1049 extra
955 980 1094 1049 ordinem
1110 979 1172 1047 hu·

45 1074 195 1176 iusmodi
231 1079 320 1150 Unde
343 1082 442 1154 ineis
466 1105 529 1153 non
551 1094 598 1152 est
620 1082 719 1174 aliqua
748 1081 853 1152 relatio
876 1081 997 1151 realiter
1018 1081 1055 1169 ad
1071 1081 1170 1152 seien-

46 1176 148 1266 tiam,
171 1191 202 1250 et
225 1203 375 1271 sensum,
401 1186 451 1254 sed
474 1185 642 1255 meandum
663 1183 812 1252 rationem
837 1194 984 1272 tantum,
1010 1181 1044 1253 in
1071 1203 1168 1272 qaan-

46 1289 120 1349 turn
143 1281 312 1353 intellectus
336 1287 534 1378 apprehendit
555 1309 601 1376 ea,
632 1297 666 1357 ut
691 1285 836 1356 terminos
867 1284 1049 1354 relationum
1073 1284 1168 1357 seien-

45 1383 135 1471 tiae,
159 1393 190 1452 et
212 1407 333 1456 sensus.
365 1387 452 1456 Unde
485 1383 685 1477 Philosophus
704 1386 792 1456 dicit
814 1387 847 1456 in
870 1388 892 1457 5
917 1386 1047 1476 hletaph.
1086 1387 1170 1478 quod

43 1505 111 1554 non
132 1487 278 1555 dicuntur
315 1490 438 1568 relativa
459 1511 496 1559 eo
518 1489 601 1579 qaod
639 1488 702 1579 ipsa
738 1490 913 1558 reseruntur
942 1489 979 1557 ad
1009 1489 1094 1577 alia,
1118 1488 1170 1558 sed
1268 1494 1272 1501 ’

46 1589 122 1678 quia
145 1589 201 1656 alia
234 1591 409 1661 reseruntur
442 1592 479 1660 ad
496 1592 586 1683 ipsa¹
613 1617 644 1662 u.
669 1590 768 1660 Huius
797 1590 875 1660 tertii
897 1590 1027 1680 'generis
1056 1599 1103 1662 est
1126 1611 1171 1658 ro·

45 1687 123 1757 latio
147 1690 224 1759 inter
249 1693 345 1760 Deum
369 1704 399 1762 et
421 1704 585 1765 creaturas.
615 1717 630 1759 a
658 1693 834 1763 Nemeam
862 1703 1000 1762 ereatura
1032 1691 1173 1784 procedat

44 1791 152 1883 alluo
175 1790 206 1861 in
229 1792 400 1863 diversitate
422 1805 573 1884 naturae,
597 1794 679 1881 Deus
706 1804 753 1864 est
775 1805 860 1862 extra
898 1793 1039 1863 ordinem
1075 1792 1171 1860 totius

38 1904 229 1979 ereaturae,
269 1915 326 1964 neo
346 1895 472 1965 ear-eius
496 1904 605 1964 natura
643 1904 689 1964 est
716 1894 783 1964 eius
805 1895 953 1964 habitudo
981 1894 1028 1963 'ad
1051 1903 1171 1962 ereatu-

45 2016 122 2079 ras3
161 2017 224 2065 non
247 1999 330 2066 enim
362 1996 502 2087 producit
535 2009 689 2068 creaturas
727 2019 765 2067 ex
789 1995 968 2066 necessitate.
987 2015 1061 2067 suae
1083 2006 1173 2064 uatu-

44 2118 102 2167 rae
121 2150 128 2167 .
149 2151 183 2169 ..
205 2099 243 2166 Et
266 2098 334 2169 ideo
359 2099 390 2166 in
413 2100 477 2168 lieo
499 2121 563 2170 non
586 2109 631 2168 est
654 2099 741 2169 realis
764 2100 869 2167 relatio
891 2100 929 2168 ad
952 2099 1172 2185 ereaturasped

45 2198 82 2268 in
104 2201 251 2271 creaturis
280 2211 325 2271 est
348 2202 437 2270 realis
460 2202 566 2272 relatio
603 2202 641 2270 ad
665 2202 775 2285 lleum3
800 2202 872 2290 quia
894 2210 1050 2271 creaturae
1073 2198 1172 2269 eonti-

44 2313 164 2372 nentur
185 2303 244 2371 sub
266 2302 373 2372 ordine
395 2301 523 2393 divino,
551 2311 583 2374 et
603 2302 636 2371 in
658 2309 896 2373 earum-natura
920 2312 990 2390 est,
1015 2302 1099 2391 quod
1122 2302 1174 2387 de-

46 2405 201 2496 pendeant
222 2426 239 2472 a
263 2404 325 2476 lieo
342 2403 390 2475 ²».

95 2510 176 2580 XlX.
201 2508 346 2584 Rnaarro
370 2530 588 2589 uaros-nou
618 2530 740 2582 uorat.
764 2509 881 2579 murro
910 2512 1022 2577 maluo
1042 2513 1089 2575 est
1111 2502 1174 2594 ips'a

45 2611 158 2682 relatio
180 2613 398 2696 atriemreulis,
416 2612 522 2702 inqua
546 2614 634 2701 orda,
651 2634 688 2682 ex
711 2634 774 2700 qao
798 2610 906 2681 relatio
928 2606 1062 2697 exurgit,
1081 2607 1114 2676 in
1138 2629 1174 2675 u-

47 2726 162 2803 troque
184 2723 322 2783 extremo
344 2714 506 2803 reperitur.
530 2712 649 2784 Rursus
677 2710 817 2782 relationi
840 2715 966 2780 mutatae
988 2710 1067 2778 duae
1081 2709 1174 2779 subii-

47 2814 176 2882 eiuntur
199 2814 323 2905 speeies;
349 2836 456 2904 nornpe
480 2815 586 2884 relatio
612 2813 882 2905 uupuipurualiue,
906 2822 938 2879 et
958 2810 1172 2901 dispaiparuu·

48 2919 126 2991 tiae.
151 2917 265 2987 Relatio
286 2920 547 3009 ueprtiparautiue‚
567 2920 612 2987 rel
636 2921 769 2988 narsetem
786 2916 996 3011 appellationis
1018 2915 1102 2985 audit
1117 2916 1176 3003 illa,

48 3022 85 3087 in
110 3018 197 3090 euius
219 3029 352 3110 utroque
374 3032 511 3090 extremo
534 3021 692 3111 respectus:
713 3028 759 3091 est
781 3020 916 3087 eiusdem
932 3017 1071 3105 rationis,
1088 3026 1178 3105 atque

49 3123 161 3190 eoderu
185 3122 309 3190 nomine
330 3122 522 3213 exprimitur.
549 3122 586 3191 Ε.
611 3146 658 3210 g.,
684 3120 844 3215 interduo
865 3118 931 3186 alba
946 3118 1054 3186 relatio
1067 3127 1113 3188 est
1127 3141 1178 3187 aa·

50 3223 276 3313 properantiae,
300 3221 371 3311 quia
393 3222 425 3291 in
451 3233 582 3313 utroque
609 3235 747 3292 extremo
768 3219 902 3290 eiusdem
925 3227 970 3287 est
985 3219 1125 3313 rationis,
1147 3229 1179 3309 et

52 3325 164 3392 eodem
189 3323 313 3393 nomine
340 3336 545 3417 nuncupatur:
573 3326 865 3415 Disperipuruutiue,
896 3325 942 3391 rol
969 3322 1104 3393 diversae
1126 3345 1178 3415 ap·

51 3426 224 3515 pollutionis
246 3436 313 3513 ast,
337 3448 408 3495 oum
432 3437 613 3518 respectus,
643 3427 674 3494 in
705 3436 835 3516 utroque
857 3436 994 3493 extremo
1016 3425 1176 3510 existens,

50 3547 118 3595 non
140 3539 187 3596 est
208 3526 342 3595 eiusdem
366 3527 505 3615 rationis,
531 3550 586 3596 neo
608 3529 715 3596 eodem
746 3527 840 3595 modo
860 3524 1052 3614 exprimitur.
1072 3524 1115 3624 lta
1131 3548 1178 3595 re-

52 3635 130 3704 latio
154 3634 245 3725 patris
267 3639 305 3706 ad
330 3635 426 3705 filium
449 3646 495 3705 est
517 3636 790 3728 dispuiparaatiae,
808 3633 878 3724 quia
903 3655 965 3702 non
981 3645 1028 3701 est
1041 3632 1176 3701 eiusdem

53 3736 184 3806 rationis
206 3738 239 3807 iu
261 3748 393 3830 utroque
421 3749 585 3826 extremo,
608 3751 640 3806 et
661 3739 780 3808 diverso
803 3736 927 3804 nomine
959 3735 1176 3824 significatum

53 3843 151 3911 altera
173 3845 255 3912 enim
286 3843 396 3913 dieitur
419 3844 609 3932 paternitas,
650 3842 740 3910 altera
765 3841 870 3929 filiatio
886 3838 909 3903 ³.
938 3837 1056 3905 llelatio
1076 3849 1176 3905 autom

93 4099 119 4165 ¹)
138 4096 268 4166 tatu-²)
285 4097 309 4166 l,
326 4112 353 4166 q.
376 4093 499 4165 xxvlll,
519 4110 546 4150 a.
571 4093 581 4146 1
602 4095 637 4151 ad
658 4093 686 4150 3.

94 4184 117 4254 ³)
137 4186 178 4240 tte
196 4183 238 4240 his
257 4183 444 4240 relationibus
470 4181 596 4253 loquitur
625 4198 649 4238 s.
673 4178 872 4251 Augustinus,
899 4178 989 4250 Epist.
1015 4178 1125 4250 CLXX,
1144 4194 1173 4235 n.

56 4269 85 4328 o.
107 4270 134 4326 S.
156 4269 280 4327 Thomas
298 4279 405 4343 autem,
425 4278 579 4343 postquam
596 4265 708 4326 monuit
725 4280 783 4324 nou
798 4279 886 4337 posse
906 4280 967 4322 esse
980 4266 1110 4323 eumdem
1123 4281 1176 4323 nu-
