2760 4770
138 399 216 465 qnae
236 400 275 447 ex
298 377 379 448 naria
403 380 535 468 partium
567 379 786 467 nrngnitrnline,
810 381 1028 464 collocatione,
1055 379 1259 468 proportione,

135 488 167 547 et
190 482 290 548 colore
312 479 421 553 oritur.
449 480 520 549 lude
544 501 591 548 res
613 480 725 550 dieitur
753 481 900 568 formosa,
925 483 971 553 rel
993 480 1146 551 deformis
1172 481 1196 550 ¹.

136 641 138 645 ,
179 581 256 648 lllll.
282 583 430 653 Fonnn-
445 583 724 653 blancam-Sunt,
740 583 802 651 duo
827 584 981 674 principia,
1005 604 1043 652 ex
1069 583 1188 672 quibus
1202 603 1259 650 non

123 681 226 752 morlo
248 684 417 753 secundum
439 682 663 765 scholasticos,
698 684 868 754 sedetiam
902 685 1075 756 secundnm
1102 685 1258 772 plerosque

136 796 262 872 ueteres,
297 795 493 874 recentesque
520 784 665 861 Doctores
695 786 824 874 quorlris
858 787 1015 877 physicum
1053 784 1258 873 compositum

131 886 279 976 exurgit;
319 887 469 978 siquidem
502 887 613 958 domat
643 887 845 977 compositum
877 889 1014 961 naturale
1050 884 1197 975 generari
1226 907 1256 953 ex

133 989 360 1078 praesupposito
389 990 537 1076 subiecto,
560 989 643 1078 quod
667 990 923 1064 introductionem
948 991 1066 1060 lornrae
1096 1008 1174 1063 eum
1205 986 1259 1075 pri·

133 1091 254 1181 ratione
269 1091 364 1180 ipsius
384 1094 545 1181 praeeedit.
573 1093 633 1159 lam
665 1094 818 1180 annotando,
843 1115 897 1164 seu
920 1092 1055 1162 rantello
1075 1090 1191 1181 primo
1222 1101 1259 1157 est

135 1192 319 1284 principium
342 1195 538 1285 substantiale
561 1193 732 1269 indifferens
754 1196 792 1263 ad
814 1193 970 1284 quodlibet
992 1194 1255 1268 constituendum.

134 1295 272 1382 Ferrea,
311 1317 366 1365 seu
392 1299 495 1383 soemo
531 1295 735 1367 srrbslnrrlr'ulis
770 1307 817 1365 esr
844 1295 1025 1385 principium
1062 1293 1257 1367 substantiale

135 1415 243 1480 perse
266 1398 302 1465 ad
326 1396 354 1463 irl
378 1395 552 1473 ordinatum
566 1448 574 1482 ,
590 1408 639 1471 ,ut
662 1419 732 1464 cum
756 1399 887 1466 retuleris
918 1397 1023 1487 prirnn
1047 1395 1255 1486 compositum

134 1501 284 1586 naturale,
311 1512 465 1586 tamquam
490 1499 646 1589 potissima
671 1499 764 1569 buius
785 1499 968 1586 differentia,
992 1495 1184 1581 constitu-at.
1202 1495 1255 1566 Sci·

135 1599 216 1685 lieet,
239 1621 312 1669 cum
335 1602 459 1670 materia
482 1623 557 1689 vaga
580 1603 632 1686 sit,
649 1616 740 1690 atque
757 1603 932 1672 indifferens
947 1601 984 1667 ad
998 1599 1167 1688 quodlibet
1181 1621 1255 1675 com

131 1702 278 1789 pesitum,
303 1723 320 1770 a
342 1705 456 1789 sorraco,
481 1725 574 1792 quam
598 1702 715 1790 recipit,
740 1700 973 1787 determinatur,
998 1711 1034 1769 ut
1058 1701 1101 1795 sit
1126 1703 1212 1789 baec,
1231 1711 1256 1778 et

132 1813 196 1874 non
219 1803 276 1870 alia
298 1804 461 1893 compositi
485 1804 633 1875 naturalis
662 1804 786 1893 species.
817 1804 998 1894 Exemplum
1022 1803 1131 1890 accipe
1155 1804 1195 1872 ab
1214 1825 1255 1870 ar-

130 1904 256 1981 tesseris,
283 1905 318 1973 ln
342 1908 389 1976 his
412 1907 543 1997 lignum,
566 1929 595 1977 e.
621 1931 680 1998 gu,
704 1920 749 1977 est
772 1909 896 1977 lienteria
917 1904 1106 1992 communis,
1135 1927 1176 1974 ex
1202 1927 1254 1994 qua

132 2005 283 2092 quaelibet
306 2018 413 2077 statua.
430 2009 493 2078 lieri
517 2019 625 2096 potest,
653 2010 750 2097 ligura
774 2029 846 2077 rem
868 2007 907 2075 ab
935 2004 1051 2074 artifice
1074 2004 1203 2076 inducta
1225 2006 1253 2074 li-

133 2129 231 2194 gnum
255 2108 292 2175 ad
315 2109 544 2179 determinatam
569 2120 698 2178 statuam
722 2106 892 2195 constituit,
916 2107 957 2174 ita
974 2118 1009 2175 nt
1024 2106 1108 2176 idem
1127 2109 1253 2199 lignum,

132 2207 208 2276 dnm
231 2208 320 2287 babet
343 2211 474 2300 figuram
496 2209 655 2298 Caesaris,
680 2211 733 2278 fiat
754 2219 854 2279 statua
877 2207 1022 2295 Caesaris,
1047 2220 1078 2296 et
1102 2210 1184 2281 dum
1207 2212 1254 2279 ha-

132 2307 183 2377 bet
207 2310 340 2401 liguram
354 2313 448 2401 equi,
474 2315 528 2389 liat
551 2324 648 2383 statua
671 2311 752 2401 equi.
780 2311 896 2380 Eodem
920 2310 981 2378 sere
1002 2311 1101 2379 modo
1127 2314 1255 2382 nmleriu

133 2413 326 2496 rraluralium
342 2415 708 2508 compositorum-eadem
732 2424 762 2482 et
784 2411 957 2482 nonrmunis
981 2412 1133 2483 omnibus
1151 2415 1254 2484 intelli·

131 2513 238 2601 gitur,
262 2519 312 2587 sed
335 2518 411 2586 dum
434 2517 533 2589 varias
555 2519 669 2587 formas
693 2513 841 2602 suscipit,
880 2513 912 2583 in
935 2512 1032 2582 rarius
1066 2516 1253 2586 substantiae

128 2617 247 2703 speeies
271 2620 613 2704 tralritu1·;-rlumenim
644 2619 735 2688 lrabet
756 2618 891 2703 fororem
905 2613 1059 2701 bominis,
1086 2618 1127 2684 fit
1150 2619 1251 2700 homo;

134 2718 208 2784 dnm
231 2719 364 2805 serrarum
387 2721 484 2810 equi,
499 2722 535 2789 fit
557 2740 672 2808 eqrms;
696 2719 770 2785 dum
793 2719 928 2804 foemora
950 2715 1078 2803 arboris
1100 2719 1139 2788 fir
1153 2721 1249 2790 arbor.

130 2819 208 2900 llinc
230 2831 277 2891 tot
298 2835 373 2893 sunt
392 2845 497 2912 penes
521 2821 730 2912 Peripateticos
759 2823 878 2908 sorrrroe
914 2816 1155 2915 substantiolae,
1179 2833 1252 2912 quot

130 2931 204 3005 sunt
225 2923 359 2995 diversae
381 2925 578 3016 ,physicarum
601 2921 838 2992 substantiarum
861 2920 985 3009 species.

176 3025 216 3093 Ut
239 3036 342 3095 autem
358 3023 688 3111 istaSebolasticorum
711 3022 816 3112 placita
829 3020 941 3090 clarius
958 3023 1167 3112 innotescant,
1184 3025 1253 3096 baec

129 3128 324 3206 adnotamus:
350 3126 383 3196 l⁰
408 3126 538 3196 Molaria
564 3127 603 3194 ab
627 3125 785 3195 Aristotele
806 3144 872 3194 esse
893 3123 1006 3192 dicitur
1026 3125 1112 3212 quod
1130 3135 1251 3201 noted

130 3229 217 3314 quid,
235 3248 295 3311 ¹rree
316 3229 433 3318 quola,
457 3249 511 3298 nee
527 3236 709 3318 ,puerilium
736 3248 791 3317 rece
813 3226 930 3316 aliquid
952 3247 1069 3315 corruo,
1092 3249 1158 3318 per
1179 3252 1252 3318 quoe

129 3351 182 3397 ens
203 3331 443 3418 deterrebantur,
466 3333 519 3401 secl
535 3339 587 3415 est
610 3350 769 3400 marterterae
790 3329 902 3397 borum
925 3329 1119 3412 subiectum
1144 3352 1251 3422 nempe

128 3437 258 3514 nmlcrrb
280 3455 379 3523 neque
402 3436 463 3503 nlla
484 3433 679 3505 determinata
702 3430 816 3522 species
837 3430 916 3499 entis
937 3439 994 3517 est,
1012 3449 1114 3517 nsque
1139 3432 1249 3522 aliquid

124 3543 245 3629 eornm,
269 3534 382 3625 quibus
403 3533 528 3605 essentia
557 3532 706 3624 completa
719 3532 772 3602 rei
796 3531 1026 3618 determinatur,
1043 3533 1097 3600 sed
1122 3544 1170 3604 est
1194 3535 1247 3606 rel·

124 3647 160 3703 nt
181 3637 322 3725 aliquid,
356 3638 440 3726 quod
465 3647 563 3727 potest
587 3637 674 3706 inse
699 3635 828 3723 recipere
850 3631 1013 3702 essentiam
1037 3631 1110 3723 rei,
1137 3645 1170 3706 et
1191 3658 1246 3722 ea,

126 3739 240 3826 quibus
275 3739 405 3810 essentia
442 3737 673 3826 determinatur.
706 3734 747 3821 ll,
771 3758 823 3826 g·.,
846 3734 987 3821 medardo,
1017 3754 1056 3803 en
1079 3756 1144 3824 qna
1162 3739 1205 3806 *fir
1224 3736 1247 3803 i·

127 3842 207 3929 gnis,
233 3834 296 3912 non
319 3851 365 3909 est
388 3838 451 3930 ipse
473 3839 564 3928 ignis,
589 3858 643 3906 nee
665 3838 731 3907 eins
753 3836 916 3927 (pereuntes,
934 3837 1033 3923 color,
1051 3836 1168 3927 ligura,
1185 3861 1246 3908 mo-

126 3953 189 4032 tus,
213 3954 267 4012 aut
282 3943 410 4034 (quodvis
434 3941 545 4029 simile,
564 3961 618 4010 nec
641 3940 777 4033 primum
800 3937 866 4035 eius
891 3936 1075 4032 principium
1099 3941 1240 4027 activum,

166 4164 190 4233 ¹)
211 4180 224 4222 r
240 4165 361 4222 Formas
375 4164 568 4237 designamus,
581 4178 646 4221 enm
662 4164 814 4239 formosos,
829 4171 879 4222 ant
891 4162 1041 4238 delorruss
1051 4164 1240 4234 asserturum

129 4267 153 4308 s.
175 4251 262 4324 nup,
275 4252 317 4312 De
336 4253 426 4324 Mus,
444 4252 493 4313 lib.
516 4253 560 4326 lv,
579 4266 605 4310 c.
619 4250 663 4311 12.
