2744 4770
170 251 214 321 tn
606 247 698 320 -C
724 285 769 305 -·

25 386 28 391 ·
130 365 205 434 baec
227 363 378 459 uniuntur
401 364 482 435 inter
503 384 537 432 se
564 366 625 435 sub
645 388 680 437 ea
704 363 833 451 ratione,
856 383 915 454 qtta
929 362 1182 453 distinguantur,
1207 363 1254 430 331

125 465 361 555 distinguuntur
382 467 442 536 sub
462 487 497 541 ea
521 465 666 553 rationo,
698 488 759 554 qua
783 466 959 548 uniuntur,
987 466 1128 553 quocirca
1151 486 1188 533 ex
1211 484 1250 531 eo

128 570 211 654 quod
237 569 269 636 in
292 569 355 637 lleo
377 578 451 639 suat
481 578 542 638 tres
564 569 713 638 Personae
732 569 852 637 realiter
872 566 1054 653 distinctae,
1077 586 1250 655 quaecum

128 667 266 737 Essentia
289 669 398 740 intime
419 670 663 762 coniunguntur,
687 671 836 760 quaedam
864 670 1045 758 compositio
1068 670 1098 738 in
1123 669 1170 738 Eo
1185 688 1251 738 3333

127 789 285 865 perperam
311 772 476 860 arguitur,
500 771 648 862 siquidem
663 834 666 841 ,
683 770 807 841 Divinae
840 771 1011 859 Personae,
1042 781 1196 859 quatenus
1219 769 1249 837 in

128 872 258 941 essentia
280 872 443 960 uniuntur,
467 895 532 942 333
554 872 807 960 distinguuntur,
830 882 862 939 ct
881 882 1031 961 quatenus
1053 872 1250 960 distinguun-

129 984 191 1051 tur,
216 995 279 1043 non
296 973 456 1063 uniuntur,
481 976 533 1044 sed
557 976 678 1045 relative
702 975 759 1044 sibi
783 985 897 1043 mutuo.
915 986 1114 1064 opponuntur
1133 972 1166 1046 ¹.'

173 1075 224 1144 lil.
250 1076 468 1149 Conrostmus
491 1097 553 1157 ouo
578 1098 706 1156 neroum
730 1099 812 1164 333,
838 1096 1069 1156 1333333333
1088 1098 1159 1148 333.
1185 1075 1252 1144 1133

126 1178 251 1245 31131313
277 1178 400 1248 veritate
422 1181 535 1268 gaudet
547 1181 649 1269 qrtoad
666 1199 713 1249 res
733 1179 957 1263 immateriales,
974 1177 1121 1266 siquidem
1136 1179 1251 1249 harum

126 1278 268 1366 33133113
297 1301 336 1349 33
361 1301 482 1350 accessu
511 1281 549 1349 ad
575 1300 697 1349 summe
711 1280 837 1368 simplex
853 1278 1073 1365 consideratur,
1090 1300 1124 1347 ac
1143 1280 1251 1369 33313

127 1379 250 1469 dequo
272 1381 369 1469 magis
392 1383 474 1473 ipsae
507 1382 544 1452 iis
579 1381 759 1472 privantur,
775 1403 868 1496 (puae
891 1381 1035 1470 principia
1059 1381 1248 1466 3333333113,

127 1503 180 1550 333
202 1485 452 1571 potentialitclem
481 1485 627 1573 31333313
629 1496 700 1570 331
723 1483 843 1553 maiori
854 1484 1033 1572 perfectione
1058 1483 1183 1570 pollent.
1210 1481 1251 1548 bt

126 1580 220 1667 idern,
245 1596 389 1655 monente
411 1608 439 1657 3
464 1588 690 1674 bonaventura,
715 1588 816 1682 quoad
839 1609 886 1656 res
908 1585 1086 1670 materiales,
1110 1607 1190 1674 quae
1211 1607 1254 1652 ex.

127 1686 264 1772 partibus
286 1688 531 1777 constituuntur,
556 1712 618 1760 non
643 1691 734 1758 habet
758 1688 924 1776 veritatem,
939 1711 1008 1757 nam
1027 1688 1061 1756 in
1075 1688 1132 1756 illis
1151 1713 1167 1752 r
1186 1709 1250 1754 ma-

127 1786 293 1873 gnificatur
314 1789 410 1862 uirtus
432 1816 470 1864 ex
494 1793 623 1882 partiunt
647 1791 868 1881 magnitudine,
892 1792 972 1860 sieut
992 1789 1088 1877 magis
1106 1789 1170 1858 urit
1186 1811 1250 1856 ma-

126 1911 210 1977 gnus
233 1893 324 1981 ignis,
348 1917 440 1986 quam
467 1918 593 1984 parvus3
618 1907 648 1964 33
672 1895 861 1985 plurificatur
888 1915 926 1964 ea
950 1892 1082 1982 partium
1107 1889 1246 1958 multitu-

126 1991 208 2079 dine,
234 1994 312 2065 sicut
334 1998 457 2067 maioris
479 1997 600 2068 virtutis
618 2009 666 2069 est
681 2019 815 2090 syropus
828 1994 1027 2088 compositae,
1044 2014 1136 2083 quarn
1154 1992 1252 2082 liquor

124 2092 374 2181 11333333133332
401 2123 432 2169 r.

173 2196 270 2284 Aliam
293 2198 386 2270 huius
407 2201 488 2270 effati
511 2201 741 2292 explicationem
770 2201 893 2270 tradidit
914 2222 942 2271 3.
965 2199 1099 2270 ’11131333
1122 2197 1171 2265 bis
1186 2217 1254 2268 331--

127 2295 197 2364 bis:
227 2320 241 2362 r
267 2298 434 2371 Dicendum
458 2305 549 2391 ,quod
572 2303 659 2372 aliter
692 2314 739 2373 est
762 2303 794 2370 in
829 2300 1131 2393 participationibus,
1163 2310 1194 2368 et
1217 2299 1247 2366 in

126 2398 385 2490 participantibus.
411 2402 656 2494 Participationes
683 2403 769 2473 enim
791 2413 907 2491 quanto
929 2414 1004 2472 sunt
1025 2400 1245 2491 sinpliciores,

127 2511 213 2571 tamo
236 2505 421 2595 nobiliores,
442 2507 522 2577 sicut
547 2528 624 2596 esse,
647 2528 739 2597 quam
763 2506 873 2591 virere,
896 2514 928 2574 et
950 2504 1061 2590 virere,
1083 2525 1180 2593 quam
1203 2503 1247 2572 in·

127 2603 272 2695 3311133313,
295 2617 331 2675 33
354 2610 407 2679 stat
426 2611 613 2700 comparatio
641 2611 722 2680 inter
743 2629 819 2695 esse,
842 2618 873 2678 33
896 2607 1005 2693 vivere,
1031 2617 1173 2695 separato
1196 2627 1245 2694 per

126 2704 311 2804 intellectura
334 2731 401 2793 esse
422 2731 440 2778 a
464 2710 571 2780 rivere.
597 2711 630 2779 ln
661 2709 908 2799 participantibus
929 2719 1034 2778 autem
1055 2707 1252 2796 3333313311--

126 2805 199 2894 quid
225 2807 322 2898 magis
343 2821 391 2881 est
412 2811 638 2900 compositum,
663 2833 726 2881 non
756 2811 824 2881 dico
845 2809 1064 2900 compositione
1087 2809 1244 2896 materiali,

128 2909 178 2974 scd
204 2932 256 2998 333
280 2912 490 3002 receptionem·
509 2912 642 3001 plurium
675 2913 958 3002 participationum,
983 2921 1067 2980 tanto
1089 2919 1136 2980 est
1159 2910 1243 2980 nobi·

126 3011 197 3096 1133,
222 3013 292 3102 quia
317 3015 453 3083 tantuin
476 3015 616 3103 pluribus
646 3015 709 3085 Deo
732 3014 894 3102 similatur,
919 3027 950 3084 33
972 3011 1150 3083 huiusmodi
1174 3012 1243 3084 assi-

122 3113 238 3184 milatio
261 3136 326 3185 esse
349 3138 413 3186 non
437 3127 546 3207 potest,
572 3116 630 3185 nisi
663 3139 715 3207 333
738 3116 838 3203 aliqua
862 3137 878 3182 a
903 3116 965 3183 lleo
987 3122 1107 3201 accepta
1131 3112 1142 3150 ³
1171 3137 1202 3180 n.

169 3215 236 3284 xtt.
262 3218 471 3297 Conrostruu
492 3241 553 3291 333
578 3239 722 3304 antonin,
745 3240 829 3296 ouon
848 3239 944 3302 33333
966 3235 1111 3288 33331311
1126 3235 1244 3287 33333-

126 3318 282 3395 11131133
304 3321 429 3389 allatam
452 3323 553 3401 locum
582 3319 755 3389 3311313113
780 3319 812 3387 in
833 3316 1030 3408 compositis,
1053 3339 1132 3406 quae
1155 3317 1246 3406 parti-

124 3421 183 3490 bus
206 3422 416 3515 dissimilibus
441 3427 558 3497 sivein
581 3427 629 3514 iis,
654 3448 731 3516 quac
755 3428 892 3518 partibus
912 3427 1063 3496 similibus
1088 3438 1242 3497 constant.

124 3524 166 3592 lta
190 3529 274 3596 nulla
299 3552 368 3619 pars
390 3532 523 3602 bominis
550 3540 596 3600 est
619 3532 738 3616 homo,
768 3552 866 3618 neque
888 3529 987 3618 aliqua
1011 3528 1141 3619 partium
1168 3530 1245 3621 pedis

120 3640 166 3695 ost
189 3651 253 3717 pes.
280 3630 354 3699 ltem
378 3633 447 3703 licet
471 3654 538 3721 pars
560 3633 638 3700 aeris
661 3632 700 3700 sit
729 3653 792 3719 aer,
816 3643 848 3701 et
871 3653 940 3720 pars
962 3653 1058 3720 aquae
1081 3632 1123 3700 sit
1144 3654 1244 3721 aqua,

123 3741 223 3799 tamen
247 3732 359 3849 aliquid
382 3735 419 3804 de
443 3745 506 3803 toto
529 3734 641 3805 dicitur
654 3736 770 3823 ,quod
802 3753 865 3802 non
895 3734 1038 3803 convenit
1060 3732 1152 3802 alicui
1178 3755 1243 3822 par·

122 3831 212 3915 tium,
238 3857 307 3903 nam
331 3837 356 3906 si
375 3846 435 3905 tota
450 3859 526 3926 aqua
541 3848 587 3906 cst
603 3837 747 3935 bicubita,
766 3837 846 3905 idern
861 3839 898 3907 de
914 3849 997 3927 parte
1019 3836 1077 3906 diei
1094 3836 1240 3928 33133114.

160 3987 299 4053 ¹llalib.
320 3988 443 4062 183111,
463 3991 532 4046 11131
556 3989 624 4061 11111,
643 4010 672 4062 q.
693 3992 715 4060 l,
734 4007 764 4047 a.
787 3989 902 4049 13114.

160 4064 678 4145 21131113118331.,1)131.1111,3
699 4077 724 4144 l,
742 4075 946 4148 (3211111113

161 4157 183 4228 ³)
205 4161 256 4230 (lq.
276 4159 386 4230 dispp„
405 4160 442 4216 de
465 4160 546 4232 Ver,
566 4180 593 4231 q.
616 4162 678 4228 XX,
698 4177 725 4215 3.
745 4160 763 4215 2
782 4160 818 4217 ad
837 4158 866 4217 11.

164 4245 187 4313 ⁴)
209 4244 267 4302 lid.
288 4261 312 4303 3.
332 4246 446 4318 111333,
466 4245 487 4320 l,
507 4247 601 4320 3.,111,
620 4262 648 4304 3.
666 4243 684 4303 t
703 4262 730 4303 3.
