2760 4770
54 442 122 493 non
145 418 361 494 denominatur
382 421 469 495 albus
492 421 532 492 ab
552 422 630 492 albis
652 420 815 515 dentibus.
832 425 871 492 m
892 423 917 494 si
940 425 1023 514 quod
1039 425 1178 495 accidens

55 524 188 595 subiecti
210 536 322 596 certam
344 525 401 596 sibi
424 525 556 596 vindicet
572 532 720 615 partem,
745 535 845 614 potest
868 528 907 596 ah
928 546 965 597 eo
987 526 1054 596 tieri
1077 527 1174 596 deno-

58 624 203 696 minatio.
240 626 282 696 Ita
306 627 418 699 dicitur
439 626 549 719 aliquis
572 627 690 718 crispus
717 649 734 696 a
756 626 953 719 crispitudine
974 630 1179 722 capillorum,

56 725 129 816 quia
151 728 185 796 hi
206 730 262 798 soli
285 742 359 801 sunt
381 733 582 822 adaequatum
605 729 812 820 crispitudinis
833 731 1018 800 subiectum.
1039 731 1177 818 insuper,

30 916 35 925 ,
57 829 265 900 denominatio
288 833 322 901 frt
343 855 366 903 o
385 835 518 925 potiori,
543 833 716 902 dummodo
739 832 792 921 id,
817 833 899 923 quod
923 831 1176 922 perfectius'est,

57 927 125 1001 non
147 933 228 1002 dieat
250 935 444 1025 negationem
466 937 601 1022 atterius,
625 937 708 1024 qnod
736 935 768 1004 in
791 957 826 1004 re
849 935 1042 1005 denominata
1065 931 1179 1003 inveni-

52 1040 121 1102 tur.
144 1034 209 1105 Hoe
231 1059 299 1107 as.
324 1026 535 1112 Beneventum
558 1041 738 1107 adnotatum
763 1038 833 1126 snit,
860 1037 913 1107 uhi
938 1039 1050 1127 inquit:
1079 1036 1178 1105 «De-

53 1134 229 1206 nomin'atio
250 1138 339 1209 debet
360 1140 427 1210 fieri
451 1163 468 1211 a
490 1142 644 1231 digniori,
669 1092 833 1210 dioenduni
867 1143 949 1230 quod
973 1161 1036 1209 non
1058 1162 1090 1210 e
1093 1151 1105 1206 t
1127 1159 1178 1209 ve-

54 1237 145 1326 rum,
169 1239 228 1310 nisi
251 1241 283 1311 in
305 1230 361 1330 eo,
387 1247 418 1314 in
441 1266 504 1335 quo
527 1246 614 1332 ittud,
639 1245 723 1358 quod
746 1245 851 1313 minus
873 1244 926 1333 dig
906 1263 1003 1311 onum
1026 1253 1081 1330 est,
1106 1261 1181 1310 oon·

51 1339 209 1412 formatur
229 1298 398 1434 digniori¹
424 1371 454 1417 r.
482 1347 560 1415 Hinc
582 1343 724 1436 quamvis
747 1346 850 1414 anima
872 1343 1007 1413 hominis
1030 1344 1069 1414 sit
1093 1341 1181 1432 spiri

52 1441 160 1527 tuatis3
184 1445 280 1516 homo
303 1455 404 1516 tamen
427 1467 492 1518 non
514 1446 627 1517 dieitur
650 1446 827 1537 spiritualis,
851 1445 923 1537 quia
938 1445 1095 1536 spirituale
1110 1444 1182 1513 nul·

55 1543 181 1615 latemus
204 1547 331 1616 materia
344 1558 472 1617 constat.
491 1547 593 1637 tta'qm
619 1545 871 1637 «denominatio,
896 1540 1000 1638 inquit'
1019 1546 1099 1615 idem
1114 1566 1184 1616 san·

55 1652 129 1714 ctus
152 1645 278 1733 Dootor,
298 1649 390 1718 debet
405 1649 469 1718 fieri
492 1671 510 1717 a
532 1648 667 1740 digniori
683 1672 690 1732 ;
707 1649 886 1739 dicendum,
903 1648 988 1740 quod
1003 1669 1110 1718 verum
1125 1655 1182 1734 est,-

54 1744 119 1814 nisi
143 1745 198 1814 alia
222 1751 299 1816 ratio
323 1751 502 1820 interveniat
517 1751 565 1820 ²».
1178 1794 1181 1798 ⁴

102 1846 154 1915 vt.
179 1848 405 1923 Danonnmrro
428 1874 481 1923 mr
506 1871 669 1923 tanaro.
697 1851 731 1919 Id
753 1870 863 1920 verum
879 1860 937 1938 est,
953 1849 1016 1919 sire
1030 1849 1080 1919 hie
1095 1859 1182 1918 aetus

54 1946 99 2016 sit
122 1947 260 2036 internus
283 1951 326 2020 rei
348 1953 583 2037 denominatee;
609 1963 661 2040 ut,
686 1949 767 2042 ignis
789 1950 900 2020 dieitur
922 1951 1039 2023 calidus
1060 1971 1078 2019 a
1099 1952 1182 2020 oato·

54 2069 113 2138 re,
137 2051 190 2140 qui
214 2051 244 2122 in
268 2055 332 2144 ipso
353 2067 423 2144 est,
448 2068 479 2125 et
502 2057 676 2126 intellectus
701 2055 814 2123 dicitur
835 2054 1009 2146 intelligens
1032 2057 1071 2124 ab
1093 2055 1183 2124 intel·

55 2152 189 2226 tertione
211 2167 290 2241 eto.;
315 2159 378 2229 sire
399 2170 555 2247 externus,
581 2169 617 2228 ut
639 2158 737 2248 paries
759 2156 873 2227 dieitur
886 2159 1029 2249 cognitus
1044 2180 1061 2227 a
1077 2157 1184 2248 cogni·

55 2260 156 2348 tione,
180 2283 258 2351 quae
278 2283 344 2332 non
365 2274 412 2332 est
435 2262 467 2331 in
491 2264 557 2351 ipso
580 2262 703 2354 pariete,
731 2261 784 2330 sed
805 2259 838 2327 in
854 2270 1067 2358 cognoscente.
1084 2260 1184 2340 Quare

55 2361 120 2431 hoo
140 2362 268 2432 'effatum
290 2365 329 2433 ab
353 2364 504 2454 Aquinate
526 2364 695 2452 explicatur
717 2364 803 2430 huno
824 2361 857 2429 in
886 2361 1026 2430 modum:
1056 2361 1180 2448 elttud,

56 2485 78 2533 a
101 2485 165 2554 quo
187 2466 301 2556 atiquid
323 2467 562 2553 denominatur,
587 2487 650 2535 non
673 2473 791 2552 oportet
812 2465 896 2552 quod
918 2464 958 2533 sit
980 2484 1099 2552 semper
1121 2463 1184 2531 tor-

55 2587 111 2635 ma
133 2571 304 2639 seeundum
332 2570 374 2639 rei
399 2579 540 2639 naturam
561 2569 647 2650 ;‘sed
671 2566 782 2634 suffieit
804 2566 887 2656 qood
916 2565 1107 2655 significetur
1130 2583 1185 2654 per

57 2668 193 2749 modum
215 2671 329 2740 formae
351 2674 548 2763 grammatice
572 2669 743 2760 loquendo.
755 2669 975 2738 Denominatur
989 2667 1072 2737 enim
1090 2667 1185 2736 homo

55 2771 100 2841 ab
121 2771 248 2861 actione,
274 2782 304 2841 et
326 2775 365 2842 ab
388 2774 582 2861 indumento,
608 2782 639 2842 et
662 2772 701 2840 ab
721 2771 790 2841 aliis
809 2768 1002 2859 huiusmodi,
1019 2789 1097 2858 quae
1119 2787 1184 2891 rea
1276 2778 1281 2785 '

26 2872 134 2943 ‘liter
155 2893 220 2943 non
242 2885 315 2944 sunt
343 2876 494 2945 sormae³
522 2901 552 2944 r
693 2891 696 2896 ’

109 2974 174 3047 vr
201 2974 287 3047 Deus
323 2997 363 3047 an
386 2998 517 3048 narum
540 2997 631 3047 mmm
656 2946 795 3046 rncrunr
829 2992 976 3044 rnusrnr
997 2973 1024 3045 ⁴.
1062 2971 1187 3042 Etenim

57 3077 184 3164 fnestra
205 3087 251 3146 est
273 3077 314 3165 id,
338 3079 420 3168 qnod
439 3080 550 3168 tinem,
573 3079 625 3148 oui
648 3080 820 3164 ordinatur,
845 3095 909 3144 non
930 3074 1067 3166 attingit;
1083 3075 1186 3144 infini·

61 3189 115 3250 tae
136 3187 242 3249 autem
264 3179 318 3252 Dei
335 3181 505 3271 sapientiae
527 3183 656 3252 omnino
683 3189 833 3270 repugnat
865 3177 980 3269 aliquid
1012 3180 1131 3268 [rostro
1153 3176 1188 3247 in

62 3279 142 3352 Eius
164 3283 309 3370 operibus
331 3305 402 3354 esse
420 3286 447 3353 ⁵.
473 3285 556 3355 idem
578 3285 698 3355 dicatur
719 3285 757 3354 de
780 3290 919 3370 notura,
943 3292 1089 3371 quaeest
1111 3281 1190 3350 ratio

63 3382 142 3455 artis
163 3383 284 3455 divinae
304 3385 401 3456 indita
421 3385 540 3474 rebus,
564 3407 626 3475 qua
652 3394 818 3457 moventur
839 3385 878 3454 ad
905 3404 978 3455 suos
1000 3380 1087 3454 finer.
1112 3383 1192 3450 Hine

64 3484 209 3573 quemvis
222 3487 311 3557 nobis
324 3486 424 3576 aliqua
445 3487 614 3576 superflua,
640 3485 705 3555 imo
727 3485 833 3555 vitiosa
855 3494 1030 3575 appareant,
1056 3486 1129 3554 haee
1145 3494 1189 3551 ta-

68 3606 141 3657 men
162 3586 225 3678 ipsa
247 3589 285 3658 ad
307 3601 427 3660 certum
450 3590 542 3660 tinem
566 3589 786 3659 ordinantur⁶.

105 3790 133 3862 ¹)
149 3791 180 3848 tn
199 3792 250 3851 no.
272 3793 284 3849 1
301 3794 395 3866 Sunt,
415 3794 484 3853 Dim.
504 3793 578 3867 XIV,
599 3808 627 3852 a.
642 3793 671 3867 1,
691 3812 720 3866 q.
739 3792 751 3848 1
769 3794 811 3851 od
828 3807 898 3866 unq.

103 3877 133 3946 ἱ)
149 3876 181 3934 In
200 3876 252 3938 tib.
271 3877 319 3952 nr,
338 3879 410 3938 nist.
431 3880 467 3952 u,
485 3896 515 3937 a.
533 3879 567 3950 n,
587 3898 616 3952 q.
634 3879 653 3936 2
669 3879 712 3938 ad
730 3892 799 3951 erp.

106 3963 132 4036 ’t
152 3965 206 4040 nr·
224 3967 336 4039 amp,
354 3968 392 4026 oe
411 3968 489 4038 noe,
506 3984 536 4025 a.
557 3964 592 4021 ro
610 3967 646 4032 aa
664 3963 693 4024 a.

101 4050 129 4120 ⁴)
148 4064 163 4105 r
182 4050 292 4107 Eorum
311 4051 451 4122 ipsorum,
469 4066 545 4123 quae
562 4050 669 4108 trustra
688 4048 861 4122 gignuntur,
881 4046 959 4104 Deua
976 4043 1111 4103 eonditor
1130 4058 1187 4102 nou

62 4145 124 4202 ert,
142 4149 236 4208 noque
255 4147 358 4195 natura
377 4155 413 4213 ις
431 4155 456 4196 a.
475 4140 557 4210 tuat,
576 4139 669 4197 Arist.
688 4139 786 4211 doque.
805 4137 933 4210 eversio,
953 4150 982 4194 n.
1003 4133 1100 4192 xmx.

105 4223 132 4294 ⁵)
152 4235 167 4278 ι
184 4223 284 4294 neque
301 4226 378 4282 enim
399 4240 416 4282 a
436 4227 497 4282 Deo
517 4224 670 4296 qumquam
690 4235 801 4281 temere
818 4233 905 4294 arque
924 4224 1067 4280 incassum
1085 4219 1193 4277 tactum

67 4317 113 4367 ert
128 4323 154 4381 »ς
175 4322 199 4366 a.
213 4307 302 4387 (ἕως.
316 4311 397 4384 Nan,
412 4309 494 4371 Orat.
509 4308 698 4384 mitt-⁶)
717 4307 781 4371 vid.
797 4307 882 4367 Finit
899 4316 994 4367 monet
1011 4303 1190 4422 efficientem.
1254 4313 1256 4317 ’
