2760 4770
133 375 319 470 principium
342 373 526 468 cognitionis
551 377 596 445 ἰ.
623 377 687 447 lam
709 398 783 448 cero
809 380 870 451 alio
893 380 984 450 modo
1010 388 1087 452 sunt
1111 382 1256 472 principia

128 481 249 552 ascendi
271 490 301 550 et
323 479 539 571 cognoscendi,
565 489 638 549 sunt
660 480 744 550 enim
767 483 913 574 principia
935 484 1055 553 essendi
1075 486 1182 573 quoad
1196 504 1255 551 esso

130 585 212 654 reale
233 592 265 653 ct
287 583 492 672 particulare;
516 592 715 654 sputantem
739 584 887 676 principia
913 587 1122 676 cognoscendi
1154 585 1254 675 quoad

129 707 191 756 case
212 685 400 756 abstractum
421 695 452 753 ct
474 684 667 754 universale:
693 684 840 765 Quocirca
863 709 890 758 s.
915 687 1049 757 Thomas
1078 687 1156 756 illud
1181 687 1253 756 ella-

128 798 197 857 tum
220 788 349 877 explicat
371 788 455 856 hunc
477 785 508 854 iu
532 787 685 879 modum:
714 811 729 854 c
757 789 924 858 Dicendum
946 791 1029 881 quod
1052 790 1143 876 illud,
1168 789 1251 877 quod

127 899 175 960 est
195 888 379 979 principium
401 888 544 975 essendi,
567 897 614 957 cst
635 887 727 958 etiam
762 890 944 980 principium
977 889 1187 981 cognoscendi
1216 911 1252 959 oc

128 1004 214 1084 parte
235 990 278 1061 rei
300 992 455 1080 cognitae,
479 990 550 1080 cruia
574 1013 628 1080 per
649 1012 706 1062 suc
729 993 877 1085 principia
901 1015 947 1064 rcs
962 992 1179 1084 cognoscibilis
1195 1003 1249 1075 cst3

127 1094 180 1165 sed
202 1093 290 1182 illud,
313 1114 377 1182 quo
400 1091 594 1182 cognoscitur
615 1113 653 1162 ex
675 1104 761 1184 parte
781 1096 1005 1185 cognoscentis,
1022 1104 1068 1164 cst
1083 1093 1252 1164 similitudo

126 1197 195 1286 rei,
220 1200 267 1267 vel
291 1197 508 1289 principiorum
530 1196 619 1284 eius,
643 1218 722 1285 quae
751 1211 882 1268 nonest
905 1199 1090 1289 principium
1114 1197 1250 1286 essendi,

127 1301 188 1373 nisi
211 1301 289 1371 lorte
311 1301 344 1371 iu
359 1301 489 1389 practica
504 1300 680 1390 cognitione
696 1301 744 1369 ²».
769 1302 809 1370 Et
831 1322 858 1372 s.
876 1303 1100 1372 Bouarentura:
1118 1323 1134 1366 ι
1152 1300 1253 1380 Ouau-

126 1403 168 1473 do
188 1403 310 1490 dicitur,
333 1403 417 1492 quod
439 1402 684 1490 unumquodque
717 1405 798 1473 sicut
819 1426 852 1474 se
874 1405 965 1473 habet
985 1404 1023 1472 ad
1045 1423 1125 1491 esse,
1151 1402 1197 1471 ita
1217 1401 1251 1470 ad

126 1503 346 1594 cognitionem,
371 1505 429 1573 hoc
450 1503 644 1592 intelligitur,
669 1503 740 1591 quia
764 1507 870 1574 eadem
894 1504 1052 1596 principia,
1080 1516 1250 1595 quaesunt

125 1605 274 1696 principia
294 1606 426 1693 essendi,
451 1615 525 1674 suut
547 1605 638 1673 etiam
661 1605 806 1695 principia
827 1608 1044 1696 cognoscendi
1070 1597 1125 1675 sed
1150 1616 1249 1674 tamm

77 1777 88 1789 ,
125 1708 274 1809 principia
296 1709 460 1780 conferunt
481 1728 547 1778 esse
570 1729 623 1798 per
644 1709 760 1798 seipsa,
784 1710 837 1780 sed
859 1709 1067 1798 coguitionem
1090 1728 1159 1777 non
1183 1727 1251 1777 con·

128 1811 233 1881 lerunt
255 1831 309 1902 por
332 1831 388 1896 se,
412 1810 465 1880 sed
489 1831 542 1902 per
565 1831 636 1879 suas
670 1809 887 1881 similitudines
911 1811 922 1850 ³
949 1835 982 1880 o.

175 1911 327 2002 Insuper,
353 1911 421 1980 licet
448 1931 659 1999 quaecumque
697 1910 846 2000 principia
873 1911 989 1980 essendi
1024 1910 1087 1978 sint
1109 1909 1252 2000 principia

128 2013 344 2105 cognoscendi,
362 2023 464 2082 tamen
486 2024 550 2082 no'u
565 2012 668 2082 omnia
685 2013 830 2105 principia
845 2013 1049 2103 cognoscendi
1073 2023 1152 2080 sunt
1177 2011 1252 2100 prin-

124 2118 207 2208 cipia
228 2117 361 2198 essendi3
379 2136 408 2187 c.
426 2137 472 2206 g,
496 2116 611 2185 formae
633 2117 805 2190 intellectus
832 2114 1009 2204 speculatIvi
1038 2125 1116 2182 suut
1134 2123 1250 2180 tautum

130 2219 277 2312 principia
307 2219 522 2308 cognoscendi,
547 2228 578 2286 ot
599 2220 725 2288 effectus
749 2218 904 2286 interdum
928 2227 1002 2285 sunt
1026 2215 1179 2304 principia
1208 2234 1252 2282 co·

132 2322 299 2415 gnosccudi
332 2342 437 2391 causas
465 2321 528 2393 ⁴».
564 2321 634 2389 Nou
656 2331 760 2389 autem
783 2330 831 2390 est
851 2340 995 2407 necesso,
1026 2316 1110 2407 quod
1136 2335 1251 2402 omne,

127 2427 213 2516 quod
235 2434 282 2495 est
304 2423 489 2515 principium
511 2422 741 2512 cognoscendi,
767 2423 807 2492 sit
832 2421 1013 2513 principium
1035 2418 1172 2505 essendi,
1186 2437 1252 2485 cum

127 2531 311 2621 quaudoque
340 2530 708 2615 cognoscamuseausam
732 2546 786 2614 per
807 2526 975 2612 ellectum,
999 2533 1031 2592 et
1052 2519 1251 2590 substantiam

128 2651 183 2720 per
203 2629 371 2698 accidentia
392 2628 406 2668 ⁵
432 2652 463 2694 ι.

174 2729 319 2820 lienique,
347 2752 362 2796 ι
381 2749 444 2799 ιιοιι
466 2737 588 2816 oportet
609 2727 650 2797 ita
664 2727 810 2798 essentias
832 2748 936 2798 rerum
952 2723 1090 2815 produci,
1110 2723 1250 2793 sicntha·

129 2832 204 2902 bont
225 2830 384 2922 coguosci;
408 2829 520 2899 sufficit
540 2827 636 2916 enim,
660 2829 743 2919 quod
766 2828 810 2897 sic
832 2849 866 2897 sc
887 2828 1016 2896 habeant
1038 2825 1077 2894 ad
1091 2846 1176 2914 esse,
1197 2824 1250 2897 sic·

129 2949 165 3005 ut
188 2959 221 3008 sc
243 2937 355 3005 habent
378 2936 415 3004 ad
430 2931 650 3022 cognitionem,
668 2931 718 3000 sed
742 2952 805 2999 nou
832 2940 952 3020 oportet
969 2930 1053 3018 quod
1075 2928 1123 2997 sic
1146 2951 1180 2999 se
1201 2928 1250 2995 lra-

133 3041 206 3109 bent
228 3040 266 3107 ad
289 3034 519 3129 productionem
535 3035 548 3073 ⁶
567 3056 599 3103 o.
623 3031 753 3120 Scilicet,
777 3052 900 3102 necesse
922 3052 987 3101 non
1008 3039 1066 3117 est,
1084 3041 1187 3100 utres
1209 3049 1251 3098 se·

130 3146 267 3214 cundum
290 3140 434 3209 eumdem
456 3137 609 3223 ordinem,
634 3126 705 3225 quo
720 3133 958 3224 producuntur,
983 3155 1000 3202 a
1021 3132 1116 3202 nobis
1139 3153 1249 3225 cogno·

128 3255 267 3315 scantur.
904 3245 916 3257 “

173 3346 212 3415 ΙΙ.
238 3345 353 3415 anru
377 3362 432 3415 nur
455 3361 574 3414 rnnrro
609 3360 691 3412 sunu
716 3358 826 3410 utnon
841 3360 948 3433 aurun
970 3359 1021 3412 so.
1046 3336 1190 3428 Scilicet,
1227 3337 1249 3408 si

127 3449 190 3519 duo
211 3447 351 3518 distincta
375 3455 504 3534 possum
525 3441 671 3515 affirmari
694 3443 731 3512 de
754 3464 818 3520 uuo
842 3444 945 3530 tertio,
964 3453 1094 3534 possunt
1110 3445 1205 3513 etiam
1218 3443 1251 3512 de

37 3546 40 3558 '
128 3573 161 3621 se
183 3551 339 3620 affirmari.
366 3549 443 3617 Huic
465 3548 609 3617 axiomati
632 3566 681 3615 ars
704 3546 887 3636 syllogistica
914 3544 1069 3626 inuititur;
1095 3544 1151 3615 illa
1173 3544 1248 3615 enim

129 3676 166 3723 ex
190 3651 346 3733 identitate
367 3660 576 3720 extremorum
600 3669 673 3718 cum
697 3647 784 3717 tertio
806 3646 927 3737 cognita
954 3646 986 3716 in
1006 3647 1250 3734 praemissisiu·

128 3753 241 3827 sertin
263 3754 458 3825 conclusione
481 3751 671 3824 identitatem
695 3752 820 3821 illorum
843 3750 924 3820 inter
944 3771 989 3822 sc.
1014 3748 1095 3818 Hinc
1109 3760 1193 3821 tecte
1207 3752 1250 3822 di·

169 3934 193 4004 ¹)
214 3934 267 4009 Qq.
286 3933 397 4005 diopp„
415 3933 453 3990 de
474 3932 558 4004 Van,
576 3950 604 4005 q.
624 3927 662 4005 X,
681 3947 709 3990 a.
729 3929 748 3988 d
766 3947 793 3989 c.

167 4021 192 4091 τ)
210 4021 302 4090 rota,
320 4038 349 4090 q.
370 4018 405 4089 ιι,
419 4034 447 4074 ι.
469 4015 486 4073 a
505 4019 542 4074 aa
560 4017 588 4074 a.

170 4103 192 4172 't
209 4106 239 4161 lu
260 4105 308 4160 lib.
328 4104 338 4158 l
356 4104 449 4171 Scan,
469 4103 538 4160 Dior.
559 4100 686 4172 xxxvl,
706 4115 734 4156 a.
755 4100 790 4172 lt,
809 4117 836 4170 q.
856 4097 875 4155 2
892 4096 937 4157 od
951 4111 1018 4170 cog.
1109 4135 1113 4141 -
1173 4094 1175 4098 '

167 4190 192 4255 ⁴)
211 4188 239 4243 s.
259 4187 475 4259 mommolo,
494 4205 522 4258 q.
543 4187 589 4260 nr,
609 4202 637 4243 a.
658 4184 729 4242 cac
749 4179 841 4251 n-p
858 4182 881 4254 t,
898 4176 1067 4255 q.uxxxtr,
1086 4178 1156 4237 uo
1173 4179 1206 4237 ιι
1220 4177 1243 4233 ι.

172 4276 195 4345 ⁶)
214 4273 242 4330 S.
262 4272 346 4345 Bon,
365 4274 397 4330 ln
416 4273 465 4330 lib.
486 4272 509 4327 ll
528 4273 618 4344 Sciit,
640 4272 710 4332 Dist.
731 4270 826 4344 xtttt,
846 4285 874 4329 a.
897 4267 924 4343 l,
941 4285 972 4343 q.
986 4266 1004 4330 l
1020 4268 1062 4329 orl
1078 4275 1150 4342 arg.
