<?xml version="1.0" encoding="UTF-8"?>
<!DOCTYPE html PUBLIC "-//W3C//DTD XHTML 1.0 Transitional//EN"
    "http://www.w3.org/TR/xhtml1/DTD/xhtml1-transitional.dtd">
<html xmlns="http://www.w3.org/1999/xhtml" xml:lang="en" lang="en">
 <head>
  <title>
</title>
<meta http-equiv="Content-Type" content="text/html;charset=utf-8" />
  <meta name='ocr-system' content='tesseract 3.04.00' />
  <meta name='ocr-capabilities' content='ocr_page ocr_carea ocr_par ocr_line ocrx_word'/>
</head>
<body>
  <div class='ocr_page' id='page_1' title='image "./lexiconperipate00signgoog/lexiconperipate00signgoog_0141.png"; bbox 0 0 2760 4770; ppageno 0'>
   <div class='ocr_carea' id='block_1_1' title="bbox 127 389 1263 2842">
    <p class='ocr_par' dir='ltr' id='par_1_1' title="bbox 127 389 1263 2842">
     <span class='ocr_line' id='line_1_1' title="bbox 141 389 1263 480; baseline -0.007 -15"><span class='ocrx_word' id='word_1_1' title='bbox 141 417 225 479; x_wconf 88' lang='lat' dir='ltr'><strong>nem;</strong></span> <span class='ocrx_word' id='word_1_2' title='bbox 244 397 285 465; x_wconf 92' lang='lat' dir='ltr'><strong>ita</strong></span> <span class='ocrx_word' id='word_1_3' title='bbox 307 394 390 467; x_wconf 88' lang='lat' dir='ltr'><strong>calor</strong></span> <span class='ocrx_word' id='word_1_4' title='bbox 414 391 580 462; x_wconf 76' lang='lat' dir='ltr'>formaliter</span> <span class='ocrx_word' id='word_1_5' title='bbox 594 392 772 461; x_wconf 71' lang='lat' dir='ltr'><strong>continetur</strong></span> <span class='ocrx_word' id='word_1_6' title='bbox 796 390 826 458; x_wconf 89' lang='lat' dir='ltr'><strong>in</strong></span> <span class='ocrx_word' id='word_1_7' title='bbox 843 389 925 480; x_wconf 80' lang='lat' dir='ltr'><strong>igne,</strong></span> <span class='ocrx_word' id='word_1_8' title='bbox 940 399 972 458; x_wconf 87' lang='lat' dir='ltr'><strong>et</strong></span> <span class='ocrx_word' id='word_1_9' title='bbox 993 389 1127 480; x_wconf 87' lang='lat' dir='ltr'><strong>quilibet</strong></span> <span class='ocrx_word' id='word_1_10' title='bbox 1149 391 1263 462; x_wconf 81' lang='lat' dir='ltr'><strong>allectus</strong></span> 
     </span>
     <span class='ocr_line' id='line_1_2' title="bbox 138 495 1262 583; baseline -0.004 -18"><span class='ocrx_word' id='word_1_11' title='bbox 138 500 175 568; x_wconf 89' lang='lat' dir='ltr'><strong>in</strong></span> <span class='ocrx_word' id='word_1_12' title='bbox 198 496 288 570; x_wconf 84' lang='lat' dir='ltr'><strong>eausa</strong></span> <span class='ocrx_word' id='word_1_13' title='bbox 311 499 450 568; x_wconf 84' lang='lat' dir='ltr'><strong>univoca.</strong></span> <span class='ocrx_word' id='word_1_14' title='bbox 474 498 654 567; x_wconf 77' lang='lat' dir='ltr'><strong>Emioeuter</strong></span> <span class='ocrx_word' id='word_1_15' title='bbox 677 495 731 582; x_wconf 90' lang='lat' dir='ltr'><strong>id,</strong></span> <span class='ocrx_word' id='word_1_16' title='bbox 765 495 849 582; x_wconf 87' lang='lat' dir='ltr'><strong>quod</strong></span> <span class='ocrx_word' id='word_1_17' title='bbox 884 496 1097 583; x_wconf 67' lang='lat' dir='ltr'><strong>praestantiori</strong></span> <span class='ocrx_word' id='word_1_18' title='bbox 1123 498 1217 565; x_wconf 85' lang='lat' dir='ltr'><strong>modo</strong></span> <span class='ocrx_word' id='word_1_19' title='bbox 1237 495 1262 562; x_wconf 91' lang='lat' dir='ltr'><strong>in</strong></span> 
     </span>
     <span class='ocr_line' id='line_1_3' title="bbox 140 597 1263 688; baseline -0.006 -16"><span class='ocrx_word' id='word_1_20' title='bbox 140 606 184 672; x_wconf 81' lang='lat' dir='ltr'><strong>eo</strong></span> <span class='ocrx_word' id='word_1_21' title='bbox 202 603 391 684; x_wconf 67' lang='lat' dir='ltr'><strong>continetur,</strong></span> <span class='ocrx_word' id='word_1_22' title='bbox 416 601 457 668; x_wconf 90' lang='lat' dir='ltr'><strong>ita</strong></span> <span class='ocrx_word' id='word_1_23' title='bbox 479 600 581 669; x_wconf 90' lang='lat' dir='ltr'><strong>anima</strong></span> <span class='ocrx_word' id='word_1_24' title='bbox 597 608 739 688; x_wconf 81' lang='lat' dir='ltr'><strong>vegetans</strong></span> <span class='ocrx_word' id='word_1_25' title='bbox 761 610 792 666; x_wconf 93' lang='lat' dir='ltr'><strong>et</strong></span> <span class='ocrx_word' id='word_1_26' title='bbox 815 597 949 668; x_wconf 88' lang='lat' dir='ltr'><strong>sentiens</strong></span> <span class='ocrx_word' id='word_1_27' title='bbox 971 597 1004 667; x_wconf 89' lang='lat' dir='ltr'><strong>in</strong></span> <span class='ocrx_word' id='word_1_28' title='bbox 1026 598 1132 666; x_wconf 83' lang='lat' dir='ltr'><strong>anima</strong></span> <span class='ocrx_word' id='word_1_29' title='bbox 1157 599 1263 666; x_wconf 82' lang='lat' dir='ltr'><strong>inatte-</strong></span> 
     </span>
     <span class='ocr_line' id='line_1_4' title="bbox 141 700 1261 793; baseline -0.007 -19"><span class='ocrx_word' id='word_1_30' title='bbox 141 707 221 775; x_wconf 86' lang='lat' dir='ltr'><strong>etiva</strong></span> <span class='ocrx_word' id='word_1_31' title='bbox 244 703 485 787; x_wconf 67' lang='lat' dir='ltr'><strong>ontinenam</strong></span> <span class='ocrx_word' id='word_1_32' title='bbox 505 702 598 772; x_wconf 85' lang='lat' dir='ltr'><strong>etiam</strong></span> <span class='ocrx_word' id='word_1_33' title='bbox 615 702 810 793; x_wconf 76' lang='lat' dir='ltr'><strong>perfectiones</strong></span> <span class='ocrx_word' id='word_1_34' title='bbox 831 702 994 770; x_wconf 75' lang='lat' dir='ltr'><strong>effectuum</strong></span> <span class='ocrx_word' id='word_1_35' title='bbox 1017 702 1221 769; x_wconf 86' lang='lat' dir='ltr'><strong>eontinentur</strong></span> <span class='ocrx_word' id='word_1_36' title='bbox 1235 700 1261 766; x_wconf 93' lang='lat' dir='ltr'><strong>in</strong></span> 
     </span>
     <span class='ocr_line' id='line_1_5' title="bbox 142 803 1262 897; baseline -0.006 -20"><span class='ocrx_word' id='word_1_37' title='bbox 142 827 233 880; x_wconf 86' lang='lat' dir='ltr'><strong>causa</strong></span> <span class='ocrx_word' id='word_1_38' title='bbox 256 809 431 897; x_wconf 80' lang='lat' dir='ltr'><strong>aequivoco,</strong></span> <span class='ocrx_word' id='word_1_39' title='bbox 447 807 494 875; x_wconf 85' lang='lat' dir='ltr'><strong>rel</strong></span> <span class='ocrx_word' id='word_1_40' title='bbox 515 806 647 893; x_wconf 83' lang='lat' dir='ltr'><strong>unulopo</strong></span> <span class='ocrx_word' id='word_1_41' title='bbox 664 806 689 876; x_wconf 81' lang='lat'><strong>¹.</strong></span> <span class='ocrx_word' id='word_1_42' title='bbox 713 805 812 885; x_wconf 81' lang='lat' dir='ltr'><strong>Quare</strong></span> <span class='ocrx_word' id='word_1_43' title='bbox 836 803 1032 895; x_wconf 79' lang='lat' dir='ltr'><strong>perfectiones</strong></span> <span class='ocrx_word' id='word_1_44' title='bbox 1054 814 1262 872; x_wconf 84' lang='lat' dir='ltr'><strong>creaturarum</strong></span> 
     </span>
     <span class='ocr_line' id='line_1_6' title="bbox 140 905 1262 995; baseline -0.005 -16"><span class='ocrx_word' id='word_1_45' title='bbox 140 909 335 979; x_wconf 75' lang='lat' dir='ltr'><strong>eminentiori</strong></span> <span class='ocrx_word' id='word_1_46' title='bbox 358 907 475 977; x_wconf 89' lang='lat' dir='ltr'><strong>ratione</strong></span> <span class='ocrx_word' id='word_1_47' title='bbox 499 906 562 976; x_wconf 84' lang='lat' dir='ltr'><strong>lleo</strong></span> <span class='ocrx_word' id='word_1_48' title='bbox 585 916 659 976; x_wconf 92' lang='lat' dir='ltr'><strong>sunt</strong></span> <span class='ocrx_word' id='word_1_49' title='bbox 677 908 900 976; x_wconf 78' lang='lat' dir='ltr'><strong>attribuendae.</strong></span> <span class='ocrx_word' id='word_1_50' title='bbox 925 907 1025 995; x_wconf 80' lang='lat' dir='ltr'><strong>Atque</strong></span> <span class='ocrx_word' id='word_1_51' title='bbox 1047 905 1101 974; x_wconf 83' lang='lat' dir='ltr'><strong>laic</strong></span> <span class='ocrx_word' id='word_1_52' title='bbox 1125 906 1262 975; x_wconf 75' lang='lat' dir='ltr'><strong>adnoure</strong></span> 
     </span>
     <span class='ocr_line' id='line_1_7' title="bbox 137 1009 1262 1105; baseline -0.005 -20"><span class='ocrx_word' id='word_1_53' title='bbox 137 1024 271 1105; x_wconf 82' lang='lat' dir='ltr'><strong>-paastat</strong></span> <span class='ocrx_word' id='word_1_54' title='bbox 293 1033 400 1083; x_wconf 89' lang='lat' dir='ltr'><strong>causas</strong></span> <span class='ocrx_word' id='word_1_55' title='bbox 422 1013 573 1080; x_wconf 81' lang='lat' dir='ltr'><strong>naturales</strong></span> <span class='ocrx_word' id='word_1_56' title='bbox 595 1009 792 1098; x_wconf 90' lang='lat' dir='ltr'><strong>universales,</strong></span> <span class='ocrx_word' id='word_1_57' title='bbox 820 1032 849 1080; x_wconf 93' lang='lat' dir='ltr'><strong>e.</strong></span> <span class='ocrx_word' id='word_1_58' title='bbox 874 1032 924 1101; x_wconf 67' lang='lat' dir='ltr'><strong>g,</strong></span> <span class='ocrx_word' id='word_1_59' title='bbox 947 1011 1070 1097; x_wconf 88' lang='lat' dir='ltr'><strong>solem,</strong></span> <span class='ocrx_word' id='word_1_60' title='bbox 1112 1012 1262 1080; x_wconf 86' lang='lat' dir='ltr'><strong>continere</strong></span> 
     </span>
     <span class='ocr_line' id='line_1_8' title="bbox 141 1105 1261 1204; baseline -0.003 -18"><span class='ocrx_word' id='word_1_61' title='bbox 141 1117 267 1186; x_wconf 74' lang='lat' dir='ltr'><strong>effectus</strong></span> <span class='ocrx_word' id='word_1_62' title='bbox 287 1105 650 1183; x_wconf 82' lang='lat' dir='ltr'><strong>causarum&#39;inleriorum</strong></span> <span class='ocrx_word' id='word_1_63' title='bbox 677 1112 844 1183; x_wconf 89' lang='lat' dir='ltr'><strong>eminentia</strong></span> <span class='ocrx_word' id='word_1_64' title='bbox 867 1113 1054 1203; x_wconf 77' lang='lat' dir='ltr'><strong>imperfecta,</strong></span> <span class='ocrx_word' id='word_1_65' title='bbox 1078 1124 1114 1182; x_wconf 92' lang='lat' dir='ltr'><strong>et</strong></span> <span class='ocrx_word' id='word_1_66' title='bbox 1137 1135 1216 1204; x_wconf 86' lang='lat' dir='ltr'><strong>quae</strong></span> <span class='ocrx_word' id='word_1_67' title='bbox 1235 1133 1261 1183; x_wconf 83' lang='lat' dir='ltr'><strong>sa</strong></span> 
     </span>
     <span class='ocr_line' id='line_1_9' title="bbox 135 1214 1259 1306; baseline 0.007 -28"><span class='ocrx_word' id='word_1_68' title='bbox 135 1216 276 1288; x_wconf 72' lang='lat' dir='ltr'><strong>:exmndit</strong></span> <span class='ocrx_word' id='word_1_69' title='bbox 298 1216 400 1286; x_wconf 90' lang='lat' dir='ltr'><strong>solum</strong></span> <span class='ocrx_word' id='word_1_70' title='bbox 423 1215 461 1282; x_wconf 92' lang='lat' dir='ltr'><strong>ad</strong></span> <span class='ocrx_word' id='word_1_71' title='bbox 484 1214 618 1301; x_wconf 88' lang='lat' dir='ltr'><strong>aliquam</strong></span> <span class='ocrx_word' id='word_1_72' title='bbox 640 1214 791 1284; x_wconf 90' lang='lat' dir='ltr'><strong>rationem</strong></span> <span class='ocrx_word' id='word_1_73' title='bbox 803 1232 1002 1284; x_wconf 84' lang='lat' dir='ltr'><strong>communem</strong></span> <span class='ocrx_word' id='word_1_74' title='bbox 1022 1225 1055 1284; x_wconf 92' lang='lat' dir='ltr'><strong>et</strong></span> <span class='ocrx_word' id='word_1_75' title='bbox 1077 1220 1259 1306; x_wconf 80' lang='lat' dir='ltr'><strong>genoricum,</strong></span> 
     </span>
     <span class='ocr_line' id='line_1_10' title="bbox 139 1315 1259 1407; baseline -0.006 -15"><span class='ocrx_word' id='word_1_76' title='bbox 139 1325 186 1391; x_wconf 84' lang='lat' dir='ltr'><strong>rol</strong></span> <span class='ocrx_word' id='word_1_77' title='bbox 209 1321 377 1391; x_wconf 57' lang='lat' dir='ltr'><strong>mundum</strong></span> <span class='ocrx_word' id='word_1_78' title='bbox 401 1315 566 1404; x_wconf 91' lang='lat' dir='ltr'><strong>quamdam</strong></span> <span class='ocrx_word' id='word_1_79' title='bbox 590 1318 830 1405; x_wconf 87' lang='lat' dir='ltr'><strong>proportionem,</strong></span> <span class='ocrx_word' id='word_1_80' title='bbox 846 1315 911 1387; x_wconf 89' lang='lat' dir='ltr'><strong>sive</strong></span> <span class='ocrx_word' id='word_1_81' title='bbox 938 1317 1130 1406; x_wconf 82' lang='lat' dir='ltr'><strong>analogiam,</strong></span> <span class='ocrx_word' id='word_1_82' title='bbox 1148 1319 1259 1407; x_wconf 76' lang='lat' dir='ltr'><strong>«sieut,</strong></span> 
     </span>
     <span class='ocr_line' id='line_1_11' title="bbox 140 1417 1259 1511; baseline -0.005 -18"><span class='ocrx_word' id='word_1_83' title='bbox 140 1425 242 1495; x_wconf 86' lang='lat' dir='ltr'><strong>aiente</strong></span> <span class='ocrx_word' id='word_1_84' title='bbox 264 1445 290 1492; x_wconf 91' lang='lat' dir='ltr'><strong>s.</strong></span> <span class='ocrx_word' id='word_1_85' title='bbox 314 1421 458 1504; x_wconf 85' lang='lat' dir='ltr'><strong>Thema,</strong></span> <span class='ocrx_word' id='word_1_86' title='bbox 480 1439 554 1488; x_wconf 91' lang='lat' dir='ltr'><strong>cum</strong></span> <span class='ocrx_word' id='word_1_87' title='bbox 577 1421 623 1487; x_wconf 89' lang='lat' dir='ltr'><strong>sol</strong></span> <span class='ocrx_word' id='word_1_88' title='bbox 646 1419 791 1502; x_wconf 55' lang='lat' dir='ltr'><strong>cantaria</strong></span> <span class='ocrx_word' id='word_1_89' title='bbox 829 1430 876 1489; x_wconf 88' lang='lat' dir='ltr'><strong>est</strong></span> <span class='ocrx_word' id='word_1_90' title='bbox 897 1417 978 1487; x_wconf 91' lang='lat' dir='ltr'><strong>enim</strong></span> <span class='ocrx_word' id='word_1_91' title='bbox 1000 1420 1035 1485; x_wconf 90' lang='lat' dir='ltr'><strong>in</strong></span> <span class='ocrx_word' id='word_1_92' title='bbox 1057 1421 1129 1489; x_wconf 89' lang='lat' dir='ltr'><strong>sole</strong></span> <span class='ocrx_word' id='word_1_93' title='bbox 1143 1418 1259 1511; x_wconf 81' lang='lat' dir='ltr'><strong>aliquid,</strong></span> 
     </span>
     <span class='ocr_line' id='line_1_12' title="bbox 138 1518 1260 1615; baseline -0.001 -21"><span class='ocrx_word' id='word_1_94' title='bbox 138 1529 224 1615; x_wconf 85' lang='lat' dir='ltr'><strong>quod</strong></span> <span class='ocrx_word' id='word_1_95' title='bbox 246 1525 289 1592; x_wconf 91' lang='lat' dir='ltr'><strong>ita</strong></span> <span class='ocrx_word' id='word_1_96' title='bbox 312 1522 476 1591; x_wconf 83' lang='lat' dir='ltr'><strong>faciteam</strong></span> <span class='ocrx_word' id='word_1_97' title='bbox 500 1518 736 1606; x_wconf 76' lang='lat' dir='ltr'><strong>calefacientem,</strong></span> <span class='ocrx_word' id='word_1_98' title='bbox 760 1519 838 1589; x_wconf 88' lang='lat' dir='ltr'><strong>sicut</strong></span> <span class='ocrx_word' id='word_1_99' title='bbox 859 1520 942 1589; x_wconf 88' lang='lat' dir='ltr'><strong>calor</strong></span> <span class='ocrx_word' id='word_1_100' title='bbox 971 1518 1041 1588; x_wconf 86' lang='lat' dir='ltr'><strong>lacit</strong></span> <span class='ocrx_word' id='word_1_101' title='bbox 1063 1520 1176 1611; x_wconf 78' lang='lat' dir='ltr'><strong>ignem</strong></span> <span class='ocrx_word' id='word_1_102' title='bbox 1200 1527 1260 1593; x_wconf 88' lang='lat' dir='ltr'><strong>cali·</strong></span> 
     </span>
     <span class='ocr_line' id='line_1_13' title="bbox 138 1615 1257 1716; baseline -0.004 -16"><span class='ocrx_word' id='word_1_103' title='bbox 138 1633 227 1716; x_wconf 86' lang='lat' dir='ltr'><strong>dum,</strong></span> <span class='ocrx_word' id='word_1_104' title='bbox 247 1615 277 1696; x_wconf 72' lang='grc' dir='ltr'><strong>ἐι</strong></span> <span class='ocrx_word' id='word_1_105' title='bbox 299 1625 468 1696; x_wconf 87' lang='lat' dir='ltr'><strong>seeundum</strong></span> <span class='ocrx_word' id='word_1_106' title='bbox 492 1623 550 1692; x_wconf 88' lang='lat' dir='ltr'><strong>hoc</strong></span> <span class='ocrx_word' id='word_1_107' title='bbox 571 1626 655 1693; x_wconf 88' lang='lat' dir='ltr'><strong>calor</strong></span> <span class='ocrx_word' id='word_1_108' title='bbox 675 1624 786 1692; x_wconf 88' lang='lat' dir='ltr'><strong>dicitur</strong></span> <span class='ocrx_word' id='word_1_109' title='bbox 808 1643 874 1693; x_wconf 88' lang='lat' dir='ltr'><strong>esse</strong></span> <span class='ocrx_word' id='word_1_110' title='bbox 896 1622 929 1691; x_wconf 92' lang='lat' dir='ltr'><strong>in</strong></span> <span class='ocrx_word' id='word_1_111' title='bbox 950 1622 1012 1691; x_wconf 89' lang='lat' dir='ltr'><strong>sole</strong></span> <span class='ocrx_word' id='word_1_112' title='bbox 1034 1625 1206 1714; x_wconf 81' lang='lat' dir='ltr'><strong>aequivoce</strong></span> <span class='ocrx_word' id='word_1_113' title='bbox 1219 1626 1257 1696; x_wconf 71' lang='grc' dir='ltr'><strong>ἰ.</strong></span> 
     </span>
     <span class='ocr_line' id='line_1_14' title="bbox 135 1725 1258 1800; baseline -0.002 -1"><span class='ocrx_word' id='word_1_114' title='bbox 135 1768 137 1773; x_wconf 93' lang='grc'>-</span> <span class='ocrx_word' id='word_1_115' title='bbox 184 1730 265 1799; x_wconf 91' lang='grc' dir='ltr'><strong>ΧιΧ.</strong></span> <span class='ocrx_word' id='word_1_116' title='bbox 289 1725 712 1800; x_wconf 73' lang='lat' dir='ltr'><strong>rosnarum-lomnes.</strong></span> <span class='ocrx_word' id='word_1_117' title='bbox 740 1727 928 1796; x_wconf 77' lang='lat' dir='ltr'><strong>adhibentur</strong></span> <span class='ocrx_word' id='word_1_118' title='bbox 956 1727 1014 1796; x_wconf 87' lang='lat' dir='ltr'><strong>hae</strong></span> <span class='ocrx_word' id='word_1_119' title='bbox 1036 1745 1134 1796; x_wconf 84' lang='lat' dir='ltr'><strong>voees</strong></span> <span class='ocrx_word' id='word_1_120' title='bbox 1157 1732 1195 1799; x_wconf 87' lang='lat' dir='ltr'><strong>ad</strong></span> <span class='ocrx_word' id='word_1_121' title='bbox 1216 1749 1258 1799; x_wconf 81' lang='lat' dir='ltr'><strong>er·</strong></span> 
     </span>
     <span class='ocr_line' id='line_1_15' title="bbox 140 1828 1256 1922; baseline -0.001 -20"><span class='ocrx_word' id='word_1_122' title='bbox 140 1832 314 1922; x_wconf 87' lang='lat' dir='ltr'><strong>plicandum</strong></span> <span class='ocrx_word' id='word_1_123' title='bbox 337 1850 473 1917; x_wconf 80' lang='lat' dir='ltr'><strong>sensum,</strong></span> <span class='ocrx_word' id='word_1_124' title='bbox 498 1850 561 1918; x_wconf 90' lang='lat' dir='ltr'><strong>quo</strong></span> <span class='ocrx_word' id='word_1_125' title='bbox 582 1831 754 1900; x_wconf 83' lang='lat' dir='ltr'><strong>subiectum</strong></span> <span class='ocrx_word' id='word_1_126' title='bbox 777 1841 808 1899; x_wconf 89' lang='lat' dir='ltr'><strong>et</strong></span> <span class='ocrx_word' id='word_1_127' title='bbox 830 1828 1035 1919; x_wconf 89' lang='lat' dir='ltr'><strong>praedicatum</strong></span> <span class='ocrx_word' id='word_1_128' title='bbox 1056 1831 1256 1921; x_wconf 86' lang='lat' dir='ltr'><strong>accipiuntur,</strong></span> 
     </span>
     <span class='ocr_line' id='line_1_16' title="bbox 142 1929 1258 2026; baseline 0 -22"><span class='ocrx_word' id='word_1_129' title='bbox 142 1933 177 2004; x_wconf 87' lang='lat' dir='ltr'><strong>ut</strong></span> <span class='ocrx_word' id='word_1_130' title='bbox 199 1931 413 2026; x_wconf 81' lang='lat' dir='ltr'><strong>propositionis</strong></span> <span class='ocrx_word' id='word_1_131' title='bbox 435 1929 544 1998; x_wconf 82' lang='lat' dir='ltr'><strong>raritas</strong></span> <span class='ocrx_word' id='word_1_132' title='bbox 567 1941 621 1999; x_wconf 93' lang='lat' dir='ltr'><strong>aut</strong></span> <span class='ocrx_word' id='word_1_133' title='bbox 636 1930 747 2001; x_wconf 82' lang='lat' dir='ltr'><strong>salsitas</strong></span> <span class='ocrx_word' id='word_1_134' title='bbox 762 1931 931 2022; x_wconf 70' lang='lat' dir='ltr'><strong>investigari</strong></span> <span class='ocrx_word' id='word_1_135' title='bbox 948 1942 1054 2020; x_wconf 80' lang='lat' dir='ltr'><strong>queat3</strong></span> <span class='ocrx_word' id='word_1_136' title='bbox 1082 1949 1162 2002; x_wconf 89' lang='lat' dir='ltr'><strong>nam</strong></span> <span class='ocrx_word' id='word_1_137' title='bbox 1184 1954 1258 2024; x_wconf 84' lang='lat' dir='ltr'><strong>saepo</strong></span> 
     </span>
     <span class='ocr_line' id='line_1_17' title="bbox 142 2032 1259 2126; baseline 0.002 -22"><span class='ocrx_word' id='word_1_138' title='bbox 142 2035 319 2125; x_wconf 82' lang='lat' dir='ltr'><strong>propositio,</strong></span> <span class='ocrx_word' id='word_1_139' title='bbox 344 2053 423 2124; x_wconf 85' lang='lat' dir='ltr'><strong>quaa</strong></span> <span class='ocrx_word' id='word_1_140' title='bbox 445 2032 517 2100; x_wconf 84' lang='lat' dir='ltr'><strong>salsa</strong></span> <span class='ocrx_word' id='word_1_141' title='bbox 540 2044 586 2103; x_wconf 87' lang='lat' dir='ltr'><strong>est</strong></span> <span class='ocrx_word' id='word_1_142' title='bbox 606 2032 791 2121; x_wconf 61' lang='lat' dir='ltr'><strong>formellae,</strong></span> <span class='ocrx_word' id='word_1_143' title='bbox 826 2055 898 2104; x_wconf 88' lang='lat' dir='ltr'><strong>vera</strong></span> <span class='ocrx_word' id='word_1_144' title='bbox 923 2045 971 2101; x_wconf 90' lang='lat' dir='ltr'><strong>est</strong></span> <span class='ocrx_word' id='word_1_145' title='bbox 992 2032 1142 2106; x_wconf 76' lang='lat' dir='ltr'><strong>trientina.</strong></span> <span class='ocrx_word' id='word_1_146' title='bbox 1167 2036 1259 2126; x_wconf 85' lang='lat' dir='ltr'><strong>ltaque</strong></span> 
     </span>
     <span class='ocr_line' id='line_1_18' title="bbox 139 2131 1255 2226; baseline 0.001 -18"><span class='ocrx_word' id='word_1_147' title='bbox 139 2139 323 2226; x_wconf 72' lang='lat' dir='ltr'><strong>formaliter,</strong></span> <span class='ocrx_word' id='word_1_148' title='bbox 346 2156 400 2203; x_wconf 90' lang='lat' dir='ltr'><strong>seu</strong></span> <span class='ocrx_word' id='word_1_149' title='bbox 424 2131 456 2204; x_wconf 92' lang='lat' dir='ltr'><strong>in</strong></span> <span class='ocrx_word' id='word_1_150' title='bbox 477 2154 569 2204; x_wconf 85' lang='lat' dir='ltr'><strong>sensu</strong></span> <span class='ocrx_word' id='word_1_151' title='bbox 590 2136 717 2222; x_wconf 69' lang='lat' dir='ltr'><strong>tomuli</strong></span> <span class='ocrx_word' id='word_1_152' title='bbox 738 2135 912 2226; x_wconf 85' lang='lat' dir='ltr'><strong>accipienda</strong></span> <span class='ocrx_word' id='word_1_153' title='bbox 931 2146 979 2205; x_wconf 83' lang='lat' dir='ltr'><strong>est</strong></span> <span class='ocrx_word' id='word_1_154' title='bbox 1002 2137 1190 2226; x_wconf 81' lang='lat' dir='ltr'><strong>propositio,</strong></span> <span class='ocrx_word' id='word_1_155' title='bbox 1211 2160 1255 2209; x_wconf 90' lang='lat' dir='ltr'><strong>cu·</strong></span> 
     </span>
     <span class='ocr_line' id='line_1_19' title="bbox 139 2235 1256 2335; baseline 0 -26"><span class='ocrx_word' id='word_1_156' title='bbox 139 2241 189 2308; x_wconf 87' lang='lat' dir='ltr'><strong>ius</strong></span> <span class='ocrx_word' id='word_1_157' title='bbox 210 2240 393 2324; x_wconf 87' lang='lat' dir='ltr'><strong>subiectum,</strong></span> <span class='ocrx_word' id='word_1_158' title='bbox 417 2245 567 2326; x_wconf 86' lang='lat' dir='ltr'><strong>quatenus</strong></span> <span class='ocrx_word' id='word_1_159' title='bbox 591 2238 649 2305; x_wconf 81' lang='lat' dir='ltr'><strong>tale</strong></span> <span class='ocrx_word' id='word_1_160' title='bbox 668 2248 740 2325; x_wconf 87' lang='lat' dir='ltr'><strong>est,</strong></span> <span class='ocrx_word' id='word_1_161' title='bbox 764 2235 962 2335; x_wconf 84' lang='lat' dir='ltr'><strong>coniungitur</strong></span> <span class='ocrx_word' id='word_1_162' title='bbox 983 2254 1059 2308; x_wconf 88' lang='lat' dir='ltr'><strong>eum</strong></span> <span class='ocrx_word' id='word_1_163' title='bbox 1086 2242 1256 2331; x_wconf 82' lang='lat' dir='ltr'><strong>praedicato,</strong></span> 
     </span>
     <span class='ocr_line' id='line_1_20' title="bbox 130 2336 1255 2433; baseline -0.001 -22"><span class='ocrx_word' id='word_1_164' title='bbox 130 2342 181 2412; x_wconf 84' lang='lat' dir='ltr'><strong>ita</strong></span> <span class='ocrx_word' id='word_1_165' title='bbox 204 2352 241 2410; x_wconf 88' lang='lat' dir='ltr'><strong>ut</strong></span> <span class='ocrx_word' id='word_1_166' title='bbox 263 2341 353 2427; x_wconf 91' lang='lat' dir='ltr'><strong>ratio,</strong></span> <span class='ocrx_word' id='word_1_167' title='bbox 379 2346 502 2428; x_wconf 91' lang='lat' dir='ltr'><strong>propter</strong></span> <span class='ocrx_word' id='word_1_168' title='bbox 524 2356 619 2424; x_wconf 90' lang='lat' dir='ltr'><strong>qnam</strong></span> <span class='ocrx_word' id='word_1_169' title='bbox 641 2337 681 2406; x_wconf 87' lang='lat' dir='ltr'><strong>do</strong></span> <span class='ocrx_word' id='word_1_170' title='bbox 702 2336 756 2406; x_wconf 92' lang='lat' dir='ltr'><strong>illo</strong></span> <span class='ocrx_word' id='word_1_171' title='bbox 777 2338 916 2407; x_wconf 84' lang='lat' dir='ltr'><strong>subiecto</strong></span> <span class='ocrx_word' id='word_1_172' title='bbox 936 2341 1130 2413; x_wconf 64' lang='lat' dir='ltr'><strong>manantur</strong></span> <span class='ocrx_word' id='word_1_173' title='bbox 1151 2345 1255 2433; x_wconf 86' lang='lat' dir='ltr'><strong>praedi·</strong></span> 
     </span>
     <span class='ocr_line' id='line_1_21' title="bbox 131 2437 1254 2534; baseline -0.003 -18"><span class='ocrx_word' id='word_1_174' title='bbox 131 2456 253 2533; x_wconf 84' lang='lat' dir='ltr'><strong>catum,</strong></span> <span class='ocrx_word' id='word_1_175' title='bbox 275 2441 316 2510; x_wconf 90' lang='lat' dir='ltr'><strong>sit</strong></span> <span class='ocrx_word' id='word_1_176' title='bbox 338 2441 435 2508; x_wconf 84' lang='lat' dir='ltr'><strong>torma</strong></span> <span class='ocrx_word' id='word_1_177' title='bbox 457 2439 580 2525; x_wconf 84' lang='lat' dir='ltr'><strong>aliqua,</strong></span> <span class='ocrx_word' id='word_1_178' title='bbox 602 2459 698 2527; x_wconf 90' lang='lat' dir='ltr'><strong>quam</strong></span> <span class='ocrx_word' id='word_1_179' title='bbox 720 2437 797 2509; x_wconf 87' lang='lat' dir='ltr'><strong>illud</strong></span> <span class='ocrx_word' id='word_1_180' title='bbox 818 2440 952 2510; x_wconf 86' lang='lat' dir='ltr'><strong>exhibet.</strong></span> <span class='ocrx_word' id='word_1_181' title='bbox 971 2440 1132 2534; x_wconf 57' lang='lat' dir='ltr'><strong>lateatne,</strong></span> <span class='ocrx_word' id='word_1_182' title='bbox 1153 2447 1254 2515; x_wconf 87' lang='lat' dir='ltr'><strong>sauia</strong></span> 
     </span>
     <span class='ocr_line' id='line_1_22' title="bbox 136 2540 1253 2636; baseline -0.002 -19"><span class='ocrx_word' id='word_1_183' title='bbox 136 2564 225 2616; x_wconf 78' lang='lat' dir='ltr'><strong>sessu</strong></span> <span class='ocrx_word' id='word_1_184' title='bbox 247 2544 400 2629; x_wconf 79' lang='lat' dir='ltr'><strong>identiao,</strong></span> <span class='ocrx_word' id='word_1_185' title='bbox 422 2558 496 2609; x_wconf 84' lang='lat' dir='ltr'><strong>sum</strong></span> <span class='ocrx_word' id='word_1_186' title='bbox 518 2544 597 2609; x_wconf 89' lang='lat' dir='ltr'><strong>ratio</strong></span> <span class='ocrx_word' id='word_1_187' title='bbox 617 2540 968 2613; x_wconf 82' lang='lat' dir='ltr'><strong>connexionissubieeti</strong></span> <span class='ocrx_word' id='word_1_188' title='bbox 989 2563 1067 2613; x_wconf 86' lang='lat' dir='ltr'><strong>eum</strong></span> <span class='ocrx_word' id='word_1_189' title='bbox 1094 2547 1253 2636; x_wconf 77' lang='lat' dir='ltr'><strong>praedicato</strong></span> 
     </span>
     <span class='ocr_line' id='line_1_23' title="bbox 127 2644 1252 2740; baseline -0.004 -20"><span class='ocrx_word' id='word_1_190' title='bbox 127 2651 168 2720; x_wconf 85' lang='lat' dir='ltr'><strong>in</strong></span> <span class='ocrx_word' id='word_1_191' title='bbox 190 2670 229 2720; x_wconf 89' lang='lat' dir='ltr'><strong>eo</strong></span> <span class='ocrx_word' id='word_1_192' title='bbox 248 2647 414 2732; x_wconf 78' lang='lat' dir='ltr'><strong>consistit,</strong></span> <span class='ocrx_word' id='word_1_193' title='bbox 448 2644 531 2734; x_wconf 87' lang='lat' dir='ltr'><strong>qnod</strong></span> <span class='ocrx_word' id='word_1_194' title='bbox 555 2644 631 2712; x_wconf 91' lang='lat' dir='ltr'><strong>illud</strong></span> <span class='ocrx_word' id='word_1_195' title='bbox 653 2647 811 2715; x_wconf 68' lang='lat' dir='ltr'><strong>animine</strong></span> <span class='ocrx_word' id='word_1_196' title='bbox 831 2655 995 2736; x_wconf 84' lang='lat' dir='ltr'><strong>sumtum,</strong></span> <span class='ocrx_word' id='word_1_197' title='bbox 1030 2664 1152 2740; x_wconf 86' lang='lat' dir='ltr'><strong>nempe</strong></span> <span class='ocrx_word' id='word_1_198' title='bbox 1176 2658 1252 2740; x_wconf 85' lang='lat' dir='ltr'><strong>pont</strong></span> 
     </span>
     <span class='ocr_line' id='line_1_24' title="bbox 137 2746 1250 2842; baseline 0.001 -21"><span class='ocrx_word' id='word_1_199' title='bbox 137 2754 239 2841; x_wconf 89' lang='lat' dir='ltr'><strong>aliqua</strong></span> <span class='ocrx_word' id='word_1_200' title='bbox 261 2770 310 2819; x_wconf 88' lang='lat' dir='ltr'><strong>res</strong></span> <span class='ocrx_word' id='word_1_201' title='bbox 331 2758 388 2835; x_wconf 85' lang='lat' dir='ltr'><strong>est,</strong></span> <span class='ocrx_word' id='word_1_202' title='bbox 413 2747 493 2818; x_wconf 71' lang='lat' dir='ltr'><strong>iden]</strong></span> <span class='ocrx_word' id='word_1_203' title='bbox 515 2757 561 2816; x_wconf 90' lang='lat' dir='ltr'><strong>cst</strong></span> <span class='ocrx_word' id='word_1_204' title='bbox 583 2768 619 2816; x_wconf 89' lang='lat' dir='ltr'><strong>ac</strong></span> <span class='ocrx_word' id='word_1_205' title='bbox 641 2747 733 2817; x_wconf 89' lang='lat' dir='ltr'><strong>istud.</strong></span> <span class='ocrx_word' id='word_1_206' title='bbox 761 2747 803 2816; x_wconf 91' lang='lat' dir='ltr'><strong>lta</strong></span> <span class='ocrx_word' id='word_1_207' title='bbox 826 2747 992 2839; x_wconf 89' lang='lat' dir='ltr'><strong>propositio</strong></span> <span class='ocrx_word' id='word_1_208' title='bbox 1014 2746 1148 2842; x_wconf 84' lang='lat' dir='ltr'><strong>isthaec,</strong></span> <span class='ocrx_word' id='word_1_209' title='bbox 1172 2756 1250 2822; x_wconf 83' lang='lat' dir='ltr'><strong>ratio</strong></span> 
     </span>
    </p>
   </div>
   <div class='ocr_carea' id='block_1_2' title="bbox 32 2847 1250 2937">
    <p class='ocr_par' dir='ltr' id='par_1_2' title="bbox 32 2847 1250 2937">
     <span class='ocr_line' id='line_1_25' title="bbox 32 2847 1250 2937; baseline -0.002 -14"><span class='ocrx_word' id='word_1_210' title='bbox 32 2918 40 2929; x_wconf 83' lang='grc'>,</span> <span class='ocrx_word' id='word_1_211' title='bbox 135 2855 206 2923; x_wconf 85' lang='lat' dir='ltr'><strong>nale</strong></span> <span class='ocrx_word' id='word_1_212' title='bbox 226 2860 269 2922; x_wconf 86' lang='lat' dir='ltr'><strong>est</strong></span> <span class='ocrx_word' id='word_1_213' title='bbox 290 2849 434 2936; x_wconf 77' lang='lat' dir='ltr'><strong>mutate,</strong></span> <span class='ocrx_word' id='word_1_214' title='bbox 466 2847 540 2917; x_wconf 82' lang='lat' dir='ltr'><strong>falsa</strong></span> <span class='ocrx_word' id='word_1_215' title='bbox 562 2859 608 2918; x_wconf 84' lang='lat' dir='ltr'><strong>est</strong></span> <span class='ocrx_word' id='word_1_216' title='bbox 630 2849 663 2916; x_wconf 89' lang='lat' dir='ltr'><strong>in</strong></span> <span class='ocrx_word' id='word_1_217' title='bbox 685 2868 775 2918; x_wconf 78' lang='lat' dir='ltr'><strong>seraa</strong></span> <span class='ocrx_word' id='word_1_218' title='bbox 804 2851 953 2937; x_wconf 76' lang='lat' dir='ltr'><strong>formali,</strong></span> <span class='ocrx_word' id='word_1_219' title='bbox 979 2870 1055 2920; x_wconf 90' lang='lat' dir='ltr'><strong>nam</strong></span> <span class='ocrx_word' id='word_1_220' title='bbox 1082 2848 1196 2926; x_wconf 80' lang='lat' dir='ltr'><strong>salsum</strong></span> <span class='ocrx_word' id='word_1_221' title='bbox 1214 2863 1250 2923; x_wconf 87' lang='lat' dir='ltr'><strong>est</strong></span> 
     </span>
    </p>
   </div>
   <div class='ocr_carea' id='block_1_3' title="bbox 121 2952 1247 3851">
    <p class='ocr_par' dir='ltr' id='par_1_3' title="bbox 130 2952 1247 3353">
     <span class='ocr_line' id='line_1_26' title="bbox 130 2952 1247 3042; baseline -0.004 -16"><span class='ocrx_word' id='word_1_222' title='bbox 130 2956 303 3041; x_wconf 82' lang='lat' dir='ltr'><strong>rationale,</strong></span> <span class='ocrx_word' id='word_1_223' title='bbox 342 2963 493 3042; x_wconf 70' lang='lat' dir='ltr'><strong>quaetenus</strong></span> <span class='ocrx_word' id='word_1_224' title='bbox 516 2952 683 3039; x_wconf 83' lang='lat' dir='ltr'><strong>rationale,</strong></span> <span class='ocrx_word' id='word_1_225' title='bbox 708 2971 775 3022; x_wconf 87' lang='lat' dir='ltr'><strong>esse</strong></span> <span class='ocrx_word' id='word_1_226' title='bbox 796 2953 949 3034; x_wconf 67' lang='lat' dir='ltr'><strong>mortale,</strong></span> <span class='ocrx_word' id='word_1_227' title='bbox 984 2953 1038 3022; x_wconf 87' lang='lat' dir='ltr'><strong>sed</strong></span> <span class='ocrx_word' id='word_1_228' title='bbox 1063 2974 1141 3024; x_wconf 83' lang='lat' dir='ltr'><strong>vora</strong></span> <span class='ocrx_word' id='word_1_229' title='bbox 1162 2966 1206 3027; x_wconf 80' lang='lat' dir='ltr'><strong>est</strong></span> <span class='ocrx_word' id='word_1_230' title='bbox 1223 2955 1247 3022; x_wconf 87' lang='lat' dir='ltr'><strong>ia</strong></span> 
     </span>
     <span class='ocr_line' id='line_1_27' title="bbox 132 3053 1244 3146; baseline 0 -17"><span class='ocrx_word' id='word_1_231' title='bbox 132 3080 222 3130; x_wconf 78' lang='lat' dir='ltr'><strong>satsat</strong></span> <span class='ocrx_word' id='word_1_232' title='bbox 244 3059 384 3144; x_wconf 74' lang='grc' dir='ltr'><strong>ἰιιειιιιοο,</strong></span> <span class='ocrx_word' id='word_1_233' title='bbox 408 3055 481 3144; x_wconf 83' lang='lat' dir='ltr'><strong>quia</strong></span> <span class='ocrx_word' id='word_1_234' title='bbox 504 3053 535 3122; x_wconf 91' lang='lat' dir='ltr'><strong>in</strong></span> <span class='ocrx_word' id='word_1_235' title='bbox 558 3057 618 3125; x_wconf 89' lang='lat' dir='ltr'><strong>hoe</strong></span> <span class='ocrx_word' id='word_1_236' title='bbox 640 3076 731 3124; x_wconf 86' lang='lat' dir='ltr'><strong>sensu</strong></span> <span class='ocrx_word' id='word_1_237' title='bbox 753 3067 873 3144; x_wconf 86' lang='lat' dir='ltr'><strong>accepta</strong></span> <span class='ocrx_word' id='word_1_238' title='bbox 888 3053 1043 3146; x_wconf 81' lang='lat' dir='ltr'><strong>significat</strong></span> <span class='ocrx_word' id='word_1_239' title='bbox 1068 3072 1139 3128; x_wconf 86' lang='lat' dir='ltr'><strong>rem</strong></span> <span class='ocrx_word' id='word_1_240' title='bbox 1163 3061 1244 3143; x_wconf 88' lang='lat' dir='ltr'><strong>illan,</strong></span> 
     </span>
     <span class='ocr_line' id='line_1_28' title="bbox 131 3155 1244 3251; baseline 0.003 -23"><span class='ocrx_word' id='word_1_241' title='bbox 131 3170 279 3251; x_wconf 84' lang='lat' dir='ltr'><strong>quaeest</strong></span> <span class='ocrx_word' id='word_1_242' title='bbox 302 3159 484 3244; x_wconf 89' lang='lat' dir='ltr'><strong>subiectum,</strong></span> <span class='ocrx_word' id='word_1_243' title='bbox 510 3176 619 3246; x_wconf 84' lang='lat' dir='ltr'><strong>nempe</strong></span> <span class='ocrx_word' id='word_1_244' title='bbox 640 3155 816 3245; x_wconf 86' lang='lat' dir='ltr'><strong>hominem,</strong></span> <span class='ocrx_word' id='word_1_245' title='bbox 840 3177 906 3227; x_wconf 89' lang='lat' dir='ltr'><strong>esse</strong></span> <span class='ocrx_word' id='word_1_246' title='bbox 928 3157 1073 3228; x_wconf 80' lang='lat' dir='ltr'><strong>eamdem</strong></span> <span class='ocrx_word' id='word_1_247' title='bbox 1097 3180 1173 3232; x_wconf 89' lang='lat' dir='ltr'><strong>eum</strong></span> <span class='ocrx_word' id='word_1_248' title='bbox 1194 3162 1244 3245; x_wconf 82' lang='lat' dir='ltr'><strong>illa,</strong></span> 
     </span>
     <span class='ocr_line' id='line_1_29' title="bbox 130 3258 515 3353; baseline -0.01 -23"><span class='ocrx_word' id='word_1_249' title='bbox 130 3276 211 3353; x_wconf 88' lang='lat' dir='ltr'><strong>quae</strong></span> <span class='ocrx_word' id='word_1_250' title='bbox 232 3272 277 3330; x_wconf 85' lang='lat' dir='ltr'><strong>est</strong></span> <span class='ocrx_word' id='word_1_251' title='bbox 299 3258 515 3349; x_wconf 80' lang='lat' dir='ltr'><strong>praedicatum.</strong></span> 
     </span>
    </p>

    <p class='ocr_par' dir='ltr' id='par_1_4' title="bbox 121 3359 1244 3761">
     <span class='ocr_line' id='line_1_30' title="bbox 179 3359 1244 3451; baseline -0.002 -18"><span class='ocrx_word' id='word_1_252' title='bbox 179 3365 226 3433; x_wconf 82' lang='lat' dir='ltr'><strong>Er</strong></span> <span class='ocrx_word' id='word_1_253' title='bbox 248 3362 296 3432; x_wconf 90' lang='lat' dir='ltr'><strong>lris</strong></span> <span class='ocrx_word' id='word_1_254' title='bbox 319 3360 499 3451; x_wconf 83' lang='lat' dir='ltr'><strong>intelligitur</strong></span> <span class='ocrx_word' id='word_1_255' title='bbox 519 3361 593 3450; x_wconf 79' lang='lat' dir='ltr'><strong>qiud</strong></span> <span class='ocrx_word' id='word_1_256' title='bbox 615 3360 673 3431; x_wconf 85' lang='lat' dir='ltr'><strong>sibi</strong></span> <span class='ocrx_word' id='word_1_257' title='bbox 690 3361 784 3429; x_wconf 84' lang='lat' dir='ltr'><strong>uelint</strong></span> <span class='ocrx_word' id='word_1_258' title='bbox 804 3359 965 3450; x_wconf 73' lang='lat' dir='ltr'><strong>theologi,</strong></span> <span class='ocrx_word' id='word_1_259' title='bbox 990 3378 1066 3430; x_wconf 77' lang='lat' dir='ltr'><strong>uam</strong></span> <span class='ocrx_word' id='word_1_260' title='bbox 1091 3364 1202 3436; x_wconf 84' lang='lat' dir='ltr'><strong>docent</strong></span> <span class='ocrx_word' id='word_1_261' title='bbox 1220 3365 1244 3432; x_wconf 93' lang='lat' dir='ltr'><strong>in</strong></span> 
     </span>
     <span class='ocr_line' id='line_1_31' title="bbox 132 3463 1242 3553; baseline 0 -17"><span class='ocrx_word' id='word_1_262' title='bbox 132 3467 210 3536; x_wconf 81' lang='lat' dir='ltr'><strong>Filio</strong></span> <span class='ocrx_word' id='word_1_263' title='bbox 230 3485 296 3537; x_wconf 87' lang='lat' dir='ltr'><strong>esse</strong></span> <span class='ocrx_word' id='word_1_264' title='bbox 318 3463 531 3534; x_wconf 84' lang='lat' dir='ltr'><strong>Paternitatem</strong></span> <span class='ocrx_word' id='word_1_265' title='bbox 556 3484 620 3532; x_wconf 89' lang='lat' dir='ltr'><strong>non</strong></span> <span class='ocrx_word' id='word_1_266' title='bbox 641 3464 837 3551; x_wconf 66' lang='lat' dir='ltr'><strong>formatior,</strong></span> <span class='ocrx_word' id='word_1_267' title='bbox 867 3482 922 3532; x_wconf 88' lang='lat' dir='ltr'><strong>sen</strong></span> <span class='ocrx_word' id='word_1_268' title='bbox 944 3470 1108 3552; x_wconf 87' lang='lat' dir='ltr'><strong>tamquam</strong></span> <span class='ocrx_word' id='word_1_269' title='bbox 1134 3467 1242 3553; x_wconf 63' lang='lat' dir='ltr'><strong>loriam</strong></span> 
     </span>
     <span class='ocr_line' id='line_1_32' title="bbox 131 3569 1244 3662; baseline 0.004 -20"><span class='ocrx_word' id='word_1_270' title='bbox 131 3592 185 3662; x_wconf 92' lang='lat' dir='ltr'><strong>pcr</strong></span> <span class='ocrx_word' id='word_1_271' title='bbox 206 3582 300 3662; x_wconf 86' lang='lat' dir='ltr'><strong>quarn</strong></span> <span class='ocrx_word' id='word_1_272' title='bbox 321 3569 414 3638; x_wconf 81' lang='lat' dir='ltr'><strong>Filius</strong></span> <span class='ocrx_word' id='word_1_273' title='bbox 437 3569 586 3658; x_wconf 87' lang='lat' dir='ltr'><strong>subsistit,</strong></span> <span class='ocrx_word' id='word_1_274' title='bbox 616 3572 668 3640; x_wconf 87' lang='lat' dir='ltr'><strong>sad</strong></span> <span class='ocrx_word' id='word_1_275' title='bbox 690 3571 841 3658; x_wconf 73' lang='lat' dir='ltr'><strong>tamine,</strong></span> <span class='ocrx_word' id='word_1_276' title='bbox 873 3570 946 3662; x_wconf 89' lang='lat' dir='ltr'><strong>quin</strong></span> <span class='ocrx_word' id='word_1_277' title='bbox 968 3572 1155 3646; x_wconf 65' lang='lat' dir='ltr'><strong>mmmm</strong></span> <span class='ocrx_word' id='word_1_278' title='bbox 1174 3575 1244 3647; x_wconf 81' lang='lat' dir='ltr'><strong>idem</strong></span> 
     </span>
     <span class='ocr_line' id='line_1_33' title="bbox 121 3670 844 3761; baseline 0 -18"><span class='ocrx_word' id='word_1_279' title='bbox 121 3685 176 3746; x_wconf 79' lang='lat' dir='ltr'><strong>est</strong></span> <span class='ocrx_word' id='word_1_280' title='bbox 199 3695 234 3743; x_wconf 90' lang='lat' dir='ltr'><strong>ac</strong></span> <span class='ocrx_word' id='word_1_281' title='bbox 256 3682 365 3742; x_wconf 86' lang='lat' dir='ltr'><strong>natura</strong></span> <span class='ocrx_word' id='word_1_282' title='bbox 387 3670 506 3758; x_wconf 86' lang='lat' dir='ltr'><strong>Divina,</strong></span> <span class='ocrx_word' id='word_1_283' title='bbox 531 3692 609 3761; x_wconf 81' lang='lat' dir='ltr'><strong>quae</strong></span> <span class='ocrx_word' id='word_1_284' title='bbox 631 3682 678 3742; x_wconf 89' lang='lat' dir='ltr'><strong>est</strong></span> <span class='ocrx_word' id='word_1_285' title='bbox 701 3673 732 3741; x_wconf 90' lang='lat' dir='ltr'><strong>in</strong></span> <span class='ocrx_word' id='word_1_286' title='bbox 754 3671 844 3743; x_wconf 84' lang='lat' dir='ltr'><strong>Filio.</strong></span> 
     </span>
    </p>

    <p class='ocr_par' dir='ltr' id='par_1_5' title="bbox 137 3770 1242 3851">
     <span class='ocr_line' id='line_1_34' title="bbox 137 3770 1242 3851; baseline 0 -7"><span class='ocrx_word' id='word_1_287' title='bbox 137 3775 239 3845; x_wconf 93' lang='grc' dir='ltr'><strong>ΧΧ.</strong></span> <span class='ocrx_word' id='word_1_288' title='bbox 264 3772 556 3845; x_wconf 82' lang='lat' dir='ltr'><strong>Foaunnrran-ln</strong></span> <span class='ocrx_word' id='word_1_289' title='bbox 580 3793 698 3844; x_wconf 84' lang='lat' dir='ltr'><strong>causa</strong></span> <span class='ocrx_word' id='word_1_290' title='bbox 722 3773 801 3844; x_wconf 84' lang='lat' dir='ltr'><strong>Com</strong></span> <span class='ocrx_word' id='word_1_291' title='bbox 821 3773 861 3844; x_wconf 88' lang='lat' dir='ltr'><strong>de</strong></span> <span class='ocrx_word' id='word_1_292' title='bbox 883 3770 1015 3845; x_wconf 82' lang='lat' dir='ltr'><strong>actibus</strong></span> <span class='ocrx_word' id='word_1_293' title='bbox 1024 3772 1195 3851; x_wconf 66' lang='lat' dir='ltr'><strong>rolunmti</strong></span> <span class='ocrx_word' id='word_1_294' title='bbox 1214 3779 1242 3848; x_wconf 92' lang='lat' dir='ltr'><strong>sit</strong></span> 
     </span>
    </p>
   </div>
   <div class='ocr_carea' id='block_1_4' title="bbox 127 3872 1238 3963">
    <p class='ocr_par' dir='ltr' id='par_1_6' title="bbox 127 3872 1238 3963">
     <span class='ocr_line' id='line_1_35' title="bbox 127 3872 1238 3963; baseline 0 -15"><span class='ocrx_word' id='word_1_295' title='bbox 127 3898 227 3948; x_wconf 85' lang='lat' dir='ltr'><strong>sermo</strong></span> <span class='ocrx_word' id='word_1_296' title='bbox 233 3875 425 3963; x_wconf 59' lang='lat' dir='ltr'><strong>,perronium</strong></span> <span class='ocrx_word' id='word_1_297' title='bbox 439 3872 518 3944; x_wconf 93' lang='lat' dir='ltr'><strong>idem</strong></span> <span class='ocrx_word' id='word_1_298' title='bbox 535 3872 686 3963; x_wconf 83' lang='lat' dir='ltr'><strong>significat</strong></span> <span class='ocrx_word' id='word_1_299' title='bbox 700 3895 734 3943; x_wconf 89' lang='lat' dir='ltr'><strong>ao</strong></span> <span class='ocrx_word' id='word_1_300' title='bbox 749 3875 871 3945; x_wconf 81' lang='lat' dir='ltr'><strong>directe</strong></span> <span class='ocrx_word' id='word_1_301' title='bbox 888 3873 927 3946; x_wconf 86' lang='lat' dir='ltr'><strong>Iu</strong></span> <span class='ocrx_word' id='word_1_302' title='bbox 940 3896 1048 3963; x_wconf 82' lang='lat' dir='ltr'><strong>musa,</strong></span> <span class='ocrx_word' id='word_1_303' title='bbox 1065 3879 1238 3950; x_wconf 69' lang='lat' dir='ltr'><strong>inelimati</strong></span> 
     </span>
    </p>
   </div>
   <div class='ocr_carea' id='block_1_5' title="bbox 162 4115 1158 4360">
    <p class='ocr_par' dir='ltr' id='par_1_7' title="bbox 162 4115 1158 4360">
     <span class='ocr_line' id='line_1_36' title="bbox 166 4115 465 4190; baseline 0 -14"><span class='ocrx_word' id='word_1_304' title='bbox 166 4122 189 4188; x_wconf 74' lang='lat' dir='ltr'><strong>a</strong></span> <span class='ocrx_word' id='word_1_305' title='bbox 206 4120 267 4177; x_wconf 86' lang='lat' dir='ltr'><strong>vra.</strong></span> <span class='ocrx_word' id='word_1_306' title='bbox 287 4134 316 4190; x_wconf 77' lang='lat' dir='ltr'><strong>p.</strong></span> <span class='ocrx_word' id='word_1_307' title='bbox 336 4115 465 4175; x_wconf 80' lang='lat' dir='ltr'><strong>rra-ars.</strong></span> 
     </span>
     <span class='ocr_line' id='line_1_37' title="bbox 162 4199 1158 4278; baseline 0.008 -19"><span class='ocrx_word' id='word_1_308' title='bbox 162 4206 187 4274; x_wconf 86' lang='lat'><strong>²)</strong></span> <span class='ocrx_word' id='word_1_309' title='bbox 204 4203 234 4260; x_wconf 92' lang='lat' dir='ltr'><strong>ln</strong></span> <span class='ocrx_word' id='word_1_310' title='bbox 254 4204 303 4259; x_wconf 87' lang='lat' dir='ltr'><strong>lib.</strong></span> <span class='ocrx_word' id='word_1_311' title='bbox 323 4202 357 4260; x_wconf 86' lang='lat' dir='ltr'><strong>lv</strong></span> <span class='ocrx_word' id='word_1_312' title='bbox 378 4203 471 4274; x_wconf 80' lang='lat' dir='ltr'><strong>Sena,</strong></span> <span class='ocrx_word' id='word_1_313' title='bbox 491 4201 560 4260; x_wconf 84' lang='lat' dir='ltr'><strong>Dist.</strong></span> <span class='ocrx_word' id='word_1_314' title='bbox 580 4202 602 4274; x_wconf 89' lang='lat' dir='ltr'><strong>l,</strong></span> <span class='ocrx_word' id='word_1_315' title='bbox 622 4217 651 4274; x_wconf 82' lang='lat' dir='ltr'><strong>q.</strong></span> <span class='ocrx_word' id='word_1_316' title='bbox 673 4201 697 4275; x_wconf 85' lang='lat' dir='ltr'><strong>l,</strong></span> <span class='ocrx_word' id='word_1_317' title='bbox 714 4217 742 4262; x_wconf 84' lang='lat' dir='ltr'><strong>a.</strong></span> <span class='ocrx_word' id='word_1_318' title='bbox 762 4199 793 4276; x_wconf 80' lang='grc' dir='ltr'><strong>ι,</strong></span> <span class='ocrx_word' id='word_1_319' title='bbox 812 4201 867 4262; x_wconf 82' lang='lat' dir='ltr'><strong>sol.</strong></span> <span class='ocrx_word' id='word_1_320' title='bbox 887 4201 907 4259; x_wconf 78' lang='grc' dir='ltr'><strong>ι</strong></span> <span class='ocrx_word' id='word_1_321' title='bbox 924 4216 954 4259; x_wconf 82' lang='lat' dir='ltr'><strong>e.</strong></span> <span class='ocrx_word' id='word_1_322' title='bbox 973 4200 1038 4261; x_wconf 73' lang='lat' dir='ltr'><strong>vlt</strong></span> <span class='ocrx_word' id='word_1_323' title='bbox 1057 4204 1090 4278; x_wconf 65' lang='lat' dir='ltr'><strong>p.</strong></span> <span class='ocrx_word' id='word_1_324' title='bbox 1109 4203 1158 4267; x_wconf 71' lang='grc' dir='ltr'><strong>ιιι.</strong></span> 
     </span>
     <span class='ocr_line' id='line_1_38' title="bbox 164 4281 651 4360; baseline -0.006 -15"><span class='ocrx_word' id='word_1_325' title='bbox 164 4281 187 4360; x_wconf 73' lang='lat'><strong>³)</strong></span> <span class='ocrx_word' id='word_1_326' title='bbox 206 4288 267 4347; x_wconf 77' lang='lat' dir='ltr'><strong>vra.</strong></span> <span class='ocrx_word' id='word_1_327' title='bbox 287 4304 314 4358; x_wconf 71' lang='lat' dir='ltr'><strong>a</strong></span> <span class='ocrx_word' id='word_1_328' title='bbox 335 4284 434 4344; x_wconf 73' lang='lat' dir='ltr'><strong>asoa</strong></span> <span class='ocrx_word' id='word_1_329' title='bbox 646 4305 651 4313; x_wconf 90' lang='lat'>·</span> 
     </span>
    </p>
   </div>
   <div class='ocr_carea' id='block_1_6' title="bbox 0 0 1384 4770">
    <p class='ocr_par' dir='ltr' id='par_1_8' title="bbox 0 0 1384 4770">
     <span class='ocr_line' id='line_1_39' title="bbox 0 0 1384 4770; baseline 0 1"><span class='ocrx_word' id='word_1_330' title='bbox 0 0 1384 4770; x_wconf 95' lang='lat' dir='ltr'><strong> </strong></span> 
     </span>
    </p>
   </div>
  </div>
 </body>
</html>
