2760 4770
128 384 177 442 cat
202 373 243 459 id,
266 369 435 462 quodvita
457 379 488 439 et
510 389 602 441 sensu
623 371 727 460 pollet,
749 389 881 459 cumque
897 367 1028 458 idipsum
1043 377 1152 456 aptum
1168 367 1209 437 sit
1224 377 1256 434 ut

128 473 360 560 determinetur,
384 494 438 543 seu
461 473 648 563 compleatur
670 493 687 541 a
709 474 867 560 rationali,
891 474 937 541 uel
952 471 1140 560 irrationali,
1158 472 1257 560 sequi-

123 570 182 645 'tur
205 586 241 643 ut
261 575 413 645 rartaute
435 585 466 644 et
487 574 667 644 irrationale
687 575 901 644 contineantur
921 573 980 644 sub
993 571 1133 645 animali.
1153 572 1194 639 dt
1209 591 1256 660 ge-

129 692 192 748 nus
213 699 279 748 non
300 677 437 750 continet
458 684 530 748 ectu
551 687 583 746 et
603 679 639 747 ire
653 697 684 746 se
705 696 776 746 suas
798 676 979 746 differentias
993 698 1002 759 ;
1018 681 1107 746 secus
1122 675 1209 744 enim
1224 675 1259 743 de

128 800 324 870 quocumque
345 779 569 870 praedicaretur
592 797 702 868 genus,
728 778 973 866 praedicarentur
994 788 1026 848 ct
1047 776 1257 859 dillercntiac3

130 882 213 971 quod
237 891 318 971 patet
344 902 410 954 esse
438 882 572 963 lalsum;
596 880 746 970 siquidem
773 880 811 948 de
834 880 969 968 homine,
992 878 1029 949 dc
1052 900 1117 972 quo
1143 877 1257 970 praedi-

128 994 216 1053 catur
238 983 365 1071 animal,
382 1004 446 1053 non
467 992 566 1073 potest
590 981 752 1073 praedicari
774 981 962 1052 irrationale.
978 982 1055 1052 llinc
1074 979 1257 1068 ditlcrcntia,

128 1099 165 1156 ut
186 1107 212 1155 s.
238 1087 371 1158 Thomas
384 1086 496 1175 inquit,
517 1108 532 1151 r
549 1095 596 1155 est
610 1094 693 1155 extra
712 1084 872 1153 essentiam
889 1083 1025 1174 generis;
1047 1080 1164 1152 animal
1179 1084 1258 1153 enim

127 1189 267 1258 nominat
290 1199 407 1279 tantum
431 1201 573 1258 naturam
595 1186 781 1279 sensibilem,
806 1189 838 1256 in
860 1208 920 1278 qua
943 1186 1090 1256 rationale
1104 1205 1174 1255 non
1188 1204 1257 1256 con·

125 1291 239 1362 tinctur
256 1292 268 1332 ¹
286 1316 315 1360 r.
434 1356 439 1361 .

174 1392 240 1460 Vll.
263 1391 372 1464 Genus
396 1414 453 1464 nsr
477 1413 575 1466 ururs
601 1415 673 1484 ans,
690 1413 778 1472 ouen
802 1411 943 1464 sereres.
963 1391 994 1460 ld
1009 1392 1139 1482 quidem
1156 1413 1257 1462 rerum

123 1503 177 1565 est
200 1504 336 1586 respectu
359 1515 480 1583 eorum,
504 1497 677 1586 dequibus
701 1516 799 1586 genus
815 1495 1001 1586 praedicatur
1014 1516 1023 1577 ;
1047 1493 1157 1584 ipsum
1180 1496 1258 1564 enim

127 1596 219 1666 latius
243 1605 333 1686 patet,
358 1616 450 1684 quam
474 1597 598 1684 species.
624 1599 663 1664 tlt
686 1596 766 1666 idem
788 1596 848 1665 diei
871 1595 976 1686 nequit
998 1608 1140 1685 respectu
1166 1596 1258 1688 perle-

129 1697 250 1768 ctionis.
276 1697 366 1786 Nam,
382 1693 436 1769 etsi
458 1719 555 1789 genus
577 1700 677 1788 quoad
701 1709 878 1788 potestatem
900 1698 1022 1768 excedat
1039 1698 1182 1788 sirrgnlas
1198 1719 1257 1788 spe·

128 1799 190 1869 cies
212 1819 266 1891 per
288 1822 331 1888 se,
356 1799 427 1889 quia
451 1821 560 1872 omnes
588 1801 732 1890 implicite
752 1801 899 1888 continet,
916 1810 1018 1871 tamen
1034 1801 1153 1889 species
1169 1799 1257 1871 insui

128 1911 236 1970 natura
260 1901 388 1970 includit
411 1901 627 1990 differentiam,
654 1924 743 1992 quae,
767 1902 811 1973 uti
834 1901 977 1990 diximus,
994 1911 1066 1973 ectu
1091 1924 1159 1997 nou
1174 1915 1218 1973 est
1233 1903 1258 1971 in

128 2014 250 2092 natura,
272 2023 327 2072 seu
350 2003 478 2074 essentia
503 2005 636 2094 generis.
663 2005 741 2073 llino
762 2006 846 2074 lacilc
862 2005 936 2074 illud
953 2005 1129 2095 intelliges:
1156 2006 1257 2078 Ganos

129 2126 189 2176 nsr
227 2126 462 2179 merareerrus
487 2127 612 2178 serere.
638 2107 759 2180 Scilicet
782 2108 899 2176 ratione
927 2106 1165 2197 proprietatum,
1189 2127 1255 2198 quae

128 2206 238 2296 speciei
262 2208 378 2291 insunt,
402 2227 465 2276 non
489 2228 560 2276 vero
583 2209 701 2278 ratione
724 2230 844 2296 eorum,
867 2210 904 2277 dc
925 2208 1038 2296 quilms
1054 2229 1161 2298 genus
1183 2231 1256 2300 prae

128 2310 223 2380 dicari
242 2320 358 2402 potest:
383 2334 412 2382 e.
431 2336 479 2403 g·,
497 2313 665 2382 substantia
687 2315 745 2381 sub
763 2335 795 2383 se
811 2312 987 2400 perfectiora
1002 2309 1158 2401 continet,
1176 2331 1256 2402 quam

126 2431 252 2502 corpus,
277 2435 349 2482 eum
372 2415 403 2484 in
426 2436 484 2491 suo
513 2415 631 2484 ambitu
653 2418 744 2485 etiam
769 2415 910 2504 spiritum
933 2413 1085 2482 includat.

174 2519 251 2591 Vlll.
276 2519 386 2593 Ganos
411 2544 472 2592 usr
504 2541 597 2591 entus
621 2540 743 2590 sonora.
771 2521 826 2589 Est
849 2540 958 2608 nempe
974 2517 1007 2584 l‘
1024 2519 1253 2608 priusaoturoa

127 2620 283 2690 concurrit
309 2621 392 2689 enim
421 2624 459 2691 ad
490 2620 619 2711 speciem
648 2621 903 2708 constituendam,
929 2619 1057 2706 ideoque
1081 2620 1154 2692 eius
1176 2642 1253 2691 eausa

125 2732 194 2804 est;
228 2721 371 2810 quocirca
404 2731 450 2792 est
473 2722 557 2810 prius
587 2720 697 2812 specie,
722 2741 816 2809 aeque
839 2743 873 2791 ac
899 2720 981 2808 prius
1003 2730 1050 2787 est
1075 2743 1203 2811 aurum,
1222 2744 1254 2792 er

126 2845 189 2914 quo
213 2824 248 2891 lit
270 2831 379 2911 statua,
395 2845 490 2912 quam
513 2824 574 2911 ipsa
593 2832 701 2893 statua.
734 2823 779 2891 Ex
803 2825 863 2892 hoc
884 2826 975 2893 etiam
998 2821 1077 2891 illud
1101 2825 1253 2915 consequi

128 2936 193 3015 tur,
218 2927 313 3015 quod,
338 2925 459 2996 sublato
482 2947 592 3015 genere
615 2947 668 3014 per
691 2925 889 3014 intellectum,
912 2928 1049 2996 aufertur
1075 2930 1203 3018 specics;
1219 2940 1253 2996 ta

127 3049 211 3115 men,
236 3029 344 3097 ablatis
381 3030 549 3118 speciebus,
577 3029 678 3098 adhuc
705 3039 809 3097 manet
831 3050 885 3120 per
921 3029 1114 3102 intellectum
1145 3031 1252 3120 integra

125 3131 234 3198 natura
257 3133 390 3218 generis,
408 3132 441 3200 2⁰
465 3130 521 3199 Est
543 3130 627 3219 prius
642 3132 818 3220 rupudiare,
835 3130 959 3220 scilicet,
981 3131 1126 3220 contusa,
1145 3133 1251 3200 laciliut

127 3231 211 3299 enim
234 3230 344 3318 aliquis
367 3231 493 3302 contuse
515 3232 714 3323 apprehendit
745 3241 884 3300 naturam
907 3231 1058 3321 animatis,
1082 3250 1182 3322 quarn
1208 3236 1252 3304 ho

127 3331 232 3414 minis;
251 3354 314 3403 non
337 3355 408 3406 vero
431 3335 606 3423 cognitione
635 3333 787 3418 distineta;
804 3345 840 3402 ut
861 3333 943 3404 enim
966 3335 1045 3403 hanc
1069 3339 1253 3422 nobiscom·

127 3454 288 3523 paremus,
322 3457 339 3504 a
363 3437 466 3504 minus
490 3436 710 3505 uniuersalibus
737 3437 775 3505 ad
798 3437 894 3526 magis
917 3437 1099 3509 universalia
1137 3464 1252 3535 pregre

127 3534 249 3605 diamur
271 3550 391 3627 oportet
407 3539 523 3619 ².Ouod
545 3539 571 3606 si
587 3559 683 3629 genus
707 3559 770 3608 non
792 3540 1001 3628 motmioliter,
1019 3561 1147 3634 nempe,
1174 3552 1253 3635 prout

125 3638 158 3706 in
182 3661 213 3710 se
234 3652 295 3728 est,
323 3644 373 3711 sed
391 3654 482 3732 prout
509 3663 607 3732 genus
629 3653 688 3732 cst,
712 3652 874 3732 spectetur,
899 3663 934 3713 ac
956 3644 1086 3734 proinde
1108 3660 1205 3738 prout
1224 3646 1253 3715 ad

125 3744 255 3841 speciem
280 3743 420 3833 retertur,
437 3745 601 3815 dicendum
622 3757 669 3816 est
691 3743 793 3836 ipsum
815 3765 881 3817 esse
904 3746 997 3818 simul
1018 3755 1142 3823 nmmo
1164 3762 1194 3823 et
1213 3772 1252 3821 or

127 3846 262 3932 pollione
284 3869 355 3916 oum
379 3849 476 3938 specie
493 3850 518 3919 ³.

167 3999 193 4066 ¹)
212 4003 235 4074 Q
283 4003 394 4076 dispo,
413 4005 451 4064 de
470 4005 545 4076 Pon,
564 4022 592 4075 q.
613 4002 659 4076 lll,
679 4019 706 4060 a.
729 4000 762 4058 16
780 4004 818 4059 ad
834 4000 863 4060 l.

163 4085 188 4154 ²)
208 4088 238 4143 V·
262 4105 312 4146 .s.
333 4090 449 4160 Tuom„
468 4090 490 4162 t,
509 4109 537 4163 p.
557 4090 706 4159 lxxxv,
731 4106 759 4147 a.
778 4086 796 4145 3
815 4105 842 4150 c.
866 4089 929 4149 vid.
950 4091 1057 4171 Mania,
1072 4092 1247 4164 unioerrulrir

128 4181 195 4228 sunt
211 4175 318 4244 praeeo
336 4178 432 4232 aarum
450 4175 677 4246 uniuersalibus,
697 4175 748 4233 liu.
771 4175 809 4232 M.

169 4253 191 4328 ³)
212 4258 272 4317 vid.
294 4262 396 4324 lictore
414 4273 481 4322 snat
500 4264 590 4324 sierint
607 4274 718 4326 rectora
738 4275 765 4326 et
783 4263 961 4340 cornilione,
982 4265 1034 4324 titt.
1058 4267 1095 4330 tt.
