<?xml version="1.0" encoding="UTF-8"?>
<!DOCTYPE html PUBLIC "-//W3C//DTD XHTML 1.0 Transitional//EN"
    "http://www.w3.org/TR/xhtml1/DTD/xhtml1-transitional.dtd">
<html xmlns="http://www.w3.org/1999/xhtml" xml:lang="en" lang="en">
 <head>
  <title>
</title>
<meta http-equiv="Content-Type" content="text/html;charset=utf-8" />
  <meta name='ocr-system' content='tesseract 3.04.00' />
  <meta name='ocr-capabilities' content='ocr_page ocr_carea ocr_par ocr_line ocrx_word'/>
</head>
<body>
  <div class='ocr_page' id='page_1' title='image "./lexiconperipate00signgoog/lexiconperipate00signgoog_0363.png"; bbox 0 0 2744 4770; ppageno 0'>
   <div class='ocr_carea' id='block_1_1' title="bbox 657 329 694 450">
    <p class='ocr_par' dir='ltr' id='par_1_1' title="bbox 657 329 694 450">
     <span class='ocr_line' id='line_1_1' title="bbox 657 329 694 450; baseline 0 0"><span class='ocrx_word' id='word_1_1' title='bbox 657 329 694 450; x_wconf 86' lang='lat' dir='ltr'>&#39;l</span> 
     </span>
    </p>
   </div>
   <div class='ocr_carea' id='block_1_2' title="bbox 468 571 896 648">
    <p class='ocr_par' dir='ltr' id='par_1_2' title="bbox 468 571 896 648">
     <span class='ocr_line' id='line_1_2' title="bbox 468 571 896 648; baseline 0.009 -7"><span class='ocrx_word' id='word_1_2' title='bbox 468 571 896 648; x_wconf 76' lang='lat' dir='ltr'>DISTlNGTIONES</span> 
     </span>
    </p>
   </div>
   <div class='ocr_carea' id='block_1_3' title="bbox 121 789 1247 3849">
    <p class='ocr_par' dir='ltr' id='par_1_3' title="bbox 121 789 1235 1396">
     <span class='ocr_line' id='line_1_3' title="bbox 169 789 1235 885; baseline -0.001 -25"><span class='ocrx_word' id='word_1_3' title='bbox 169 791 192 862; x_wconf 96' lang='lat' dir='ltr'>l</span> <span class='ocrx_word' id='word_1_4' title='bbox 210 791 336 865; x_wconf 75' lang='lat' dir='ltr'>lucens</span> <span class='ocrx_word' id='word_1_5' title='bbox 351 810 782 872; x_wconf 36' lang='lat' dir='ltr'>outvrrvavvs-Qvnrmrs</span> <span class='ocrx_word' id='word_1_6' title='bbox 805 796 913 866; x_wconf 75' lang='lat' dir='ltr'>vanas</span> <span class='ocrx_word' id='word_1_7' title='bbox 926 791 1109 885; x_wconf 70' lang='lat' dir='ltr'>quantitatis</span> <span class='ocrx_word' id='word_1_8' title='bbox 1122 801 1168 863; x_wconf 88' lang='lat' dir='ltr'>est</span> <span class='ocrx_word' id='word_1_9' title='bbox 1182 789 1235 875; x_wconf 88' lang='lat' dir='ltr'>ille,</span> 
     </span>
     <span class='ocr_line' id='line_1_4' title="bbox 122 891 1230 1014; baseline -0.007 -47"><span class='ocrx_word' id='word_1_10' title='bbox 122 919 186 1014; x_wconf 83' lang='lat' dir='ltr'>quo</span> <span class='ocrx_word' id='word_1_11' title='bbox 209 918 307 966; x_wconf 90' lang='lat' dir='ltr'>unum</span> <span class='ocrx_word' id='word_1_12' title='bbox 330 895 532 987; x_wconf 83' lang='lat' dir='ltr'>coniungitur</span> <span class='ocrx_word' id='word_1_13' title='bbox 553 919 626 967; x_wconf 89' lang='lat' dir='ltr'>cum</span> <span class='ocrx_word' id='word_1_14' title='bbox 648 899 767 986; x_wconf 88' lang='lat' dir='ltr'>altero,</span> <span class='ocrx_word' id='word_1_15' title='bbox 793 900 832 968; x_wconf 90' lang='lat' dir='ltr'>ita</span> <span class='ocrx_word' id='word_1_16' title='bbox 857 909 892 965; x_wconf 93' lang='lat' dir='ltr'>ut</span> <span class='ocrx_word' id='word_1_17' title='bbox 913 917 1023 967; x_wconf 86' lang='lat' dir='ltr'>eornm</span> <span class='ocrx_word' id='word_1_18' title='bbox 1057 905 1158 985; x_wconf 84' lang='lat' dir='ltr'>partes</span> <span class='ocrx_word' id='word_1_19' title='bbox 1179 891 1230 964; x_wconf 90' lang='lat' dir='ltr'>sibi</span> 
     </span>
     <span class='ocr_line' id='line_1_5' title="bbox 121 997 1230 1114; baseline -0.005 -46"><span class='ocrx_word' id='word_1_20' title='bbox 121 999 252 1069; x_wconf 89' lang='lat' dir='ltr'>invicem</span> <span class='ocrx_word' id='word_1_21' title='bbox 274 999 469 1069; x_wconf 72' lang='lat' dir='ltr'>adhaereant.</span> <span class='ocrx_word' id='word_1_22' title='bbox 500 1001 607 1071; x_wconf 72' lang='lat' dir='ltr'>vanos</span> <span class='ocrx_word' id='word_1_23' title='bbox 629 1001 753 1072; x_wconf 79' lang='lat' dir='ltr'>cirteetis</span> <span class='ocrx_word' id='word_1_24' title='bbox 774 1012 820 1071; x_wconf 90' lang='lat' dir='ltr'>cst</span> <span class='ocrx_word' id='word_1_25' title='bbox 844 1001 903 1089; x_wconf 91' lang='lat' dir='ltr'>ilte,</span> <span class='ocrx_word' id='word_1_26' title='bbox 926 1022 990 1090; x_wconf 90' lang='lat' dir='ltr'>qno</span> <span class='ocrx_word' id='word_1_27' title='bbox 1011 997 1158 1114; x_wconf 78' lang='lat' dir='ltr'>aliquid</span> <span class='ocrx_word' id='word_1_28' title='bbox 1151 1015 1230 1067; x_wconf 86' lang='lat' dir='ltr'>vaa-</span> 
     </span>
     <span class='ocr_line' id='line_1_6' title="bbox 125 1098 1233 1199; baseline -0.005 -28"><span class='ocrx_word' id='word_1_29' title='bbox 125 1098 190 1172; x_wconf 90' lang='lat' dir='ltr'>liud</span> <span class='ocrx_word' id='word_1_30' title='bbox 212 1111 368 1192; x_wconf 87' lang='lat' dir='ltr'>operatur.</span> <span class='ocrx_word' id='word_1_31' title='bbox 396 1124 411 1167; x_wconf 77' lang='lat' dir='ltr'>e</span> <span class='ocrx_word' id='word_1_32' title='bbox 437 1100 540 1172; x_wconf 85' lang='lat' dir='ltr'>Primo</span> <span class='ocrx_word' id='word_1_33' title='bbox 564 1103 655 1172; x_wconf 92' lang='lat' dir='ltr'>modo</span> <span class='ocrx_word' id='word_1_34' title='bbox 676 1123 790 1193; x_wconf 91' lang='lat' dir='ltr'>corpus</span> <span class='ocrx_word' id='word_1_35' title='bbox 814 1123 875 1171; x_wconf 92' lang='lat' dir='ltr'>non</span> <span class='ocrx_word' id='word_1_36' title='bbox 899 1101 1035 1199; x_wconf 79' lang='lat' dir='ltr'>tangitur</span> <span class='ocrx_word' id='word_1_37' title='bbox 1056 1098 1118 1171; x_wconf 86' lang='lat' dir='ltr'>nisi</span> <span class='ocrx_word' id='word_1_38' title='bbox 1139 1117 1233 1168; x_wconf 90' lang='lat' dir='ltr'>acor·</span> 
     </span>
     <span class='ocr_line' id='line_1_7' title="bbox 126 1202 1235 1295; baseline -0.004 -22"><span class='ocrx_word' id='word_1_39' title='bbox 126 1225 210 1294; x_wconf 93' lang='lat' dir='ltr'>pore</span> <span class='ocrx_word' id='word_1_40' title='bbox 235 1202 376 1274; x_wconf 88' lang='lat' dir='ltr'>Secundo</span> <span class='ocrx_word' id='word_1_41' title='bbox 399 1204 492 1274; x_wconf 92' lang='lat' dir='ltr'>modo</span> <span class='ocrx_word' id='word_1_42' title='bbox 513 1223 624 1294; x_wconf 90' lang='lat' dir='ltr'>corpus</span> <span class='ocrx_word' id='word_1_43' title='bbox 646 1215 744 1295; x_wconf 84' lang='lat' dir='ltr'>potest</span> <span class='ocrx_word' id='word_1_44' title='bbox 766 1203 850 1295; x_wconf 80' lang='lat' dir='ltr'>tangi</span> <span class='ocrx_word' id='word_1_45' title='bbox 872 1223 890 1272; x_wconf 89' lang='lat' dir='ltr'>a</span> <span class='ocrx_word' id='word_1_46' title='bbox 910 1224 944 1273; x_wconf 90' lang='lat' dir='ltr'>re</span> <span class='ocrx_word' id='word_1_47' title='bbox 961 1202 1153 1294; x_wconf 86' lang='lat' dir='ltr'>incorporea,</span> <span class='ocrx_word' id='word_1_48' title='bbox 1166 1219 1235 1291; x_wconf 88' lang='lat' dir='ltr'>quae</span> 
     </span>
     <span class='ocr_line' id='line_1_8' title="bbox 126 1306 458 1396; baseline -0.01 -19"><span class='ocrx_word' id='word_1_49' title='bbox 126 1317 229 1377; x_wconf 89' lang='lat' dir='ltr'>movet</span> <span class='ocrx_word' id='word_1_50' title='bbox 252 1306 400 1396; x_wconf 86' lang='lat' dir='ltr'>corpus¹</span> <span class='ocrx_word' id='word_1_51' title='bbox 427 1331 458 1375; x_wconf 84' lang='lat' dir='ltr'>v</span> 
     </span>
    </p>

    <p class='ocr_par' dir='ltr' id='par_1_4' title="bbox 125 1407 1247 3849">
     <span class='ocr_line' id='line_1_9' title="bbox 171 1407 1237 1522; baseline -0.005 -43"><span class='ocrx_word' id='word_1_52' title='bbox 171 1411 211 1481; x_wconf 90' lang='lat' dir='ltr'>ll.</span> <span class='ocrx_word' id='word_1_53' title='bbox 236 1409 796 1483; x_wconf 78' lang='lat' dir='ltr'>Taurus-dcvua-daeannrrss.</span> <span class='ocrx_word' id='word_1_54' title='bbox 819 1409 948 1522; x_wconf 76' lang='lat' dir='ltr'>Tempta</span> <span class='ocrx_word' id='word_1_55' title='bbox 969 1407 1237 1478; x_wconf 89' lang='lat' dir='ltr'>estmensuradu·</span> 
     </span>
     <span class='ocr_line' id='line_1_10' title="bbox 126 1509 1234 1599; baseline -0.004 -18"><span class='ocrx_word' id='word_1_56' title='bbox 126 1511 257 1583; x_wconf 88' lang='lat' dir='ltr'>rationis</span> <span class='ocrx_word' id='word_1_57' title='bbox 282 1512 326 1582; x_wconf 86' lang='lat' dir='ltr'>rei</span> <span class='ocrx_word' id='word_1_58' title='bbox 354 1513 483 1583; x_wconf 91' lang='lat' dir='ltr'>omnino</span> <span class='ocrx_word' id='word_1_59' title='bbox 517 1511 691 1599; x_wconf 69' lang='lat' dir='ltr'>variabilis,</span> <span class='ocrx_word' id='word_1_60' title='bbox 715 1533 770 1582; x_wconf 88' lang='lat' dir='ltr'>seu</span> <span class='ocrx_word' id='word_1_61' title='bbox 793 1510 917 1581; x_wconf 86' lang='lat' dir='ltr'>metitur</span> <span class='ocrx_word' id='word_1_62' title='bbox 939 1530 988 1580; x_wconf 91' lang='lat' dir='ltr'>res</span> <span class='ocrx_word' id='word_1_63' title='bbox 1016 1500 1234 1599; x_wconf 88' lang='lat' dir='ltr'>corruptibiles,</span> 
     </span>
     <span class='ocr_line' id='line_1_11' title="bbox 126 1611 1236 1730; baseline 0 -49"><span class='ocrx_word' id='word_1_64' title='bbox 126 1612 260 1730; x_wconf 81' lang='lat' dir='ltr'>quaein</span> <span class='ocrx_word' id='word_1_65' title='bbox 283 1624 429 1705; x_wconf 89' lang='lat' dir='ltr'>perpetuo</span> <span class='ocrx_word' id='word_1_66' title='bbox 451 1614 538 1684; x_wconf 83' lang='lat' dir='ltr'>lluvu</span> <span class='ocrx_word' id='word_1_67' title='bbox 560 1625 644 1683; x_wconf 89' lang='lat' dir='ltr'>sunt.</span> <span class='ocrx_word' id='word_1_68' title='bbox 661 1616 833 1685; x_wconf 74' lang='lat' dir='ltr'>Aeternitas</span> <span class='ocrx_word' id='word_1_69' title='bbox 855 1624 900 1683; x_wconf 87' lang='lat' dir='ltr'>est</span> <span class='ocrx_word' id='word_1_70' title='bbox 916 1632 1060 1681; x_wconf 88' lang='lat' dir='ltr'>mensura</span> <span class='ocrx_word' id='word_1_71' title='bbox 1075 1611 1236 1691; x_wconf 74' lang='lat' dir='ltr'>durationis</span> 
     </span>
     <span class='ocr_line' id='line_1_12' title="bbox 127 1714 1237 1801; baseline -0.006 -14"><span class='ocrx_word' id='word_1_72' title='bbox 127 1715 170 1787; x_wconf 91' lang='lat' dir='ltr'>rei</span> <span class='ocrx_word' id='word_1_73' title='bbox 193 1718 322 1786; x_wconf 90' lang='lat' dir='ltr'>omnino</span> <span class='ocrx_word' id='word_1_74' title='bbox 345 1714 531 1786; x_wconf 77' lang='lat' dir='ltr'>invariabilis</span> <span class='ocrx_word' id='word_1_75' title='bbox 552 1728 583 1786; x_wconf 90' lang='lat' dir='ltr'>et</span> <span class='ocrx_word' id='word_1_76' title='bbox 605 1718 773 1786; x_wconf 87' lang='lat' dir='ltr'>secundum</span> <span class='ocrx_word' id='word_1_77' title='bbox 796 1715 1008 1801; x_wconf 76' lang='lat' dir='ltr'>substantiam,</span> <span class='ocrx_word' id='word_1_78' title='bbox 1025 1725 1057 1782; x_wconf 91' lang='lat' dir='ltr'>et</span> <span class='ocrx_word' id='word_1_79' title='bbox 1079 1714 1237 1783; x_wconf 89' lang='lat' dir='ltr'>secundum</span> 
     </span>
     <span class='ocr_line' id='line_1_13' title="bbox 127 1819 1238 1907; baseline -0.006 -19"><span class='ocrx_word' id='word_1_80' title='bbox 127 1819 332 1890; x_wconf 85' lang='lat' dir='ltr'>durationem.</span> <span class='ocrx_word' id='word_1_81' title='bbox 357 1821 477 1891; x_wconf 84' lang='lat' dir='ltr'>Aecum</span> <span class='ocrx_word' id='word_1_82' title='bbox 511 1820 612 1889; x_wconf 90' lang='lat' dir='ltr'>medio</span> <span class='ocrx_word' id='word_1_83' title='bbox 635 1821 727 1891; x_wconf 92' lang='lat' dir='ltr'>modo</span> <span class='ocrx_word' id='word_1_84' title='bbox 748 1832 781 1890; x_wconf 88' lang='lat' dir='ltr'>se</span> <span class='ocrx_word' id='word_1_85' title='bbox 803 1821 913 1907; x_wconf 91' lang='lat' dir='ltr'>habet,</span> <span class='ocrx_word' id='word_1_86' title='bbox 936 1839 1008 1887; x_wconf 90' lang='lat' dir='ltr'>nam</span> <span class='ocrx_word' id='word_1_87' title='bbox 1030 1826 1079 1887; x_wconf 88' lang='lat' dir='ltr'>cst</span> <span class='ocrx_word' id='word_1_88' title='bbox 1106 1835 1238 1885; x_wconf 87' lang='lat' dir='ltr'>mensura</span> 
     </span>
     <span class='ocr_line' id='line_1_14' title="bbox 126 1918 1247 2011; baseline -0.004 -20"><span class='ocrx_word' id='word_1_89' title='bbox 126 1943 188 1991; x_wconf 87' lang='lat' dir='ltr'>esse</span> <span class='ocrx_word' id='word_1_90' title='bbox 210 1920 421 2008; x_wconf 81' lang='lat' dir='ltr'>invariabilis,</span> <span class='ocrx_word' id='word_1_91' title='bbox 444 1921 528 2011; x_wconf 91' lang='lat' dir='ltr'>quod</span> <span class='ocrx_word' id='word_1_92' title='bbox 550 1931 653 1992; x_wconf 88' lang='lat' dir='ltr'>tamen</span> <span class='ocrx_word' id='word_1_93' title='bbox 676 1922 870 1992; x_wconf 76' lang='lat' dir='ltr'>variationem</span> <span class='ocrx_word' id='word_1_94' title='bbox 903 1919 1073 1991; x_wconf 89' lang='lat' dir='ltr'>secundam</span> <span class='ocrx_word' id='word_1_95' title='bbox 1096 1918 1247 2007; x_wconf 88' lang='lat' dir='ltr'>operatio--</span> 
     </span>
     <span class='ocr_line' id='line_1_15' title="bbox 125 2019 1235 2113; baseline -0.004 -21"><span class='ocrx_word' id='word_1_96' title='bbox 125 2043 198 2094; x_wconf 90' lang='lat' dir='ltr'>nem</span> <span class='ocrx_word' id='word_1_97' title='bbox 220 2022 362 2091; x_wconf 91' lang='lat' dir='ltr'>admittit.</span> <span class='ocrx_word' id='word_1_98' title='bbox 387 2021 455 2103; x_wconf 82' lang='lat' dir='ltr'>Qua</span> <span class='ocrx_word' id='word_1_99' title='bbox 476 2023 509 2092; x_wconf 94' lang='lat' dir='ltr'>in</span> <span class='ocrx_word' id='word_1_100' title='bbox 531 2044 565 2095; x_wconf 90' lang='lat' dir='ltr'>re</span> <span class='ocrx_word' id='word_1_101' title='bbox 587 2025 659 2095; x_wconf 92' lang='lat' dir='ltr'>haec</span> <span class='ocrx_word' id='word_1_102' title='bbox 681 2023 744 2094; x_wconf 90' lang='lat' dir='ltr'>duo</span> <span class='ocrx_word' id='word_1_103' title='bbox 766 2045 892 2094; x_wconf 82' lang='lat' dir='ltr'>nronere</span> <span class='ocrx_word' id='word_1_104' title='bbox 914 2043 967 2113; x_wconf 90' lang='lat' dir='ltr'>par</span> <span class='ocrx_word' id='word_1_105' title='bbox 980 2033 1037 2090; x_wconf 89' lang='lat' dir='ltr'>est:</span> <span class='ocrx_word' id='word_1_106' title='bbox 1058 2019 1095 2089; x_wconf 86' lang='lat' dir='ltr'>l⁰</span> <span class='ocrx_word' id='word_1_107' title='bbox 1109 2019 1174 2089; x_wconf 78' lang='lat' dir='ltr'>Etsi</span> <span class='ocrx_word' id='word_1_108' title='bbox 1193 2039 1235 2105; x_wconf 77' lang='lat' dir='ltr'>aa·</span> 
     </span>
     <span class='ocr_line' id='line_1_16' title="bbox 127 2122 1236 2216; baseline -0.002 -24"><span class='ocrx_word' id='word_1_109' title='bbox 127 2123 249 2193; x_wconf 89' lang='lat' dir='ltr'>ternitas</span> <span class='ocrx_word' id='word_1_110' title='bbox 273 2123 326 2194; x_wconf 86' lang='lat' dir='ltr'>Dei</span> <span class='ocrx_word' id='word_1_111' title='bbox 348 2123 387 2195; x_wconf 93' lang='lat' dir='ltr'>sit</span> <span class='ocrx_word' id='word_1_112' title='bbox 409 2124 543 2215; x_wconf 82' lang='lat' dir='ltr'>duratio,</span> <span class='ocrx_word' id='word_1_113' title='bbox 567 2136 717 2216; x_wconf 86' lang='lat' dir='ltr'>quatenus</span> <span class='ocrx_word' id='word_1_114' title='bbox 745 2126 864 2194; x_wconf 90' lang='lat' dir='ltr'>duratio</span> <span class='ocrx_word' id='word_1_115' title='bbox 886 2123 1056 2194; x_wconf 90' lang='lat' dir='ltr'>secundum</span> <span class='ocrx_word' id='word_1_116' title='bbox 1080 2122 1128 2191; x_wconf 88' lang='lat' dir='ltr'>sui</span> <span class='ocrx_word' id='word_1_117' title='bbox 1152 2123 1236 2192; x_wconf 81' lang='lat' dir='ltr'>ratic</span> 
     </span>
     <span class='ocr_line' id='line_1_17' title="bbox 127 2224 1236 2318; baseline -0.005 -21"><span class='ocrx_word' id='word_1_118' title='bbox 127 2249 198 2297; x_wconf 89' lang='lat' dir='ltr'>nem</span> <span class='ocrx_word' id='word_1_119' title='bbox 223 2227 460 2318; x_wconf 83' lang='lat' dir='ltr'>permanentiam</span> <span class='ocrx_word' id='word_1_120' title='bbox 485 2226 518 2298; x_wconf 92' lang='lat' dir='ltr'>in</span> <span class='ocrx_word' id='word_1_121' title='bbox 539 2249 625 2318; x_wconf 83' lang='lat' dir='ltr'>esse,</span> <span class='ocrx_word' id='word_1_122' title='bbox 657 2249 692 2299; x_wconf 88' lang='lat' dir='ltr'>ac</span> <span class='ocrx_word' id='word_1_123' title='bbox 715 2227 844 2317; x_wconf 91' lang='lat' dir='ltr'>proinde</span> <span class='ocrx_word' id='word_1_124' title='bbox 864 2229 999 2317; x_wconf 85' lang='lat' dir='ltr'>aliquam</span> <span class='ocrx_word' id='word_1_125' title='bbox 1032 2224 1236 2314; x_wconf 76' lang='lat' dir='ltr'>perfectionem</span> 
     </span>
     <span class='ocr_line' id='line_1_18' title="bbox 128 2324 1238 2422; baseline -0.006 -22"><span class='ocrx_word' id='word_1_126' title='bbox 128 2329 291 2422; x_wconf 74' lang='lat' dir='ltr'>significat,</span> <span class='ocrx_word' id='word_1_127' title='bbox 316 2338 418 2399; x_wconf 87' lang='lat' dir='ltr'>tamen</span> <span class='ocrx_word' id='word_1_128' title='bbox 441 2330 543 2420; x_wconf 91' lang='lat' dir='ltr'>potius</span> <span class='ocrx_word' id='word_1_129' title='bbox 566 2326 681 2402; x_wconf 90' lang='lat' dir='ltr'>nomen</span> <span class='ocrx_word' id='word_1_130' title='bbox 702 2331 907 2420; x_wconf 77' lang='lat' dir='ltr'>possessionis,</span> <span class='ocrx_word' id='word_1_131' title='bbox 921 2350 1014 2420; x_wconf 89' lang='lat' dir='ltr'>quam</span> <span class='ocrx_word' id='word_1_132' title='bbox 1030 2327 1199 2398; x_wconf 73' lang='lat' dir='ltr'>dormiente</span> <span class='ocrx_word' id='word_1_133' title='bbox 1210 2324 1238 2406; x_wconf 86' lang='lat' dir='ltr'>in</span> 
     </span>
     <span class='ocr_line' id='line_1_19' title="bbox 127 2428 1237 2522; baseline -0.004 -22"><span class='ocrx_word' id='word_1_134' title='bbox 127 2431 195 2503; x_wconf 89' lang='lat' dir='ltr'>eius</span> <span class='ocrx_word' id='word_1_135' title='bbox 216 2431 394 2502; x_wconf 84' lang='lat' dir='ltr'>delinitione</span> <span class='ocrx_word' id='word_1_136' title='bbox 416 2430 589 2520; x_wconf 86' lang='lat' dir='ltr'>adhibetur,</span> <span class='ocrx_word' id='word_1_137' title='bbox 616 2432 646 2500; x_wconf 89' lang='lat' dir='ltr'>in</span> <span class='ocrx_word' id='word_1_138' title='bbox 668 2453 740 2522; x_wconf 88' lang='lat' dir='ltr'>qua,</span> <span class='ocrx_word' id='word_1_139' title='bbox 764 2432 931 2502; x_wconf 76' lang='lat' dir='ltr'>movendum</span> <span class='ocrx_word' id='word_1_140' title='bbox 955 2432 1111 2517; x_wconf 72' lang='lat' dir='ltr'>duilium,</span> <span class='ocrx_word' id='word_1_141' title='bbox 1135 2428 1237 2507; x_wconf 80' lang='lat' dir='ltr'>dicitnr</span> 
     </span>
     <span class='ocr_line' id='line_1_20' title="bbox 126 2528 1239 2626; baseline -0.004 -22"><span class='ocrx_word' id='word_1_142' title='bbox 126 2554 204 2622; x_wconf 87' lang='lat' dir='ltr'>esse,</span> <span class='ocrx_word' id='word_1_143' title='bbox 229 2534 468 2605; x_wconf 80' lang='lat' dir='ltr'>interminabilia</span> <span class='ocrx_word' id='word_1_144' title='bbox 489 2535 570 2604; x_wconf 82' lang='lat' dir='ltr'>uitae</span> <span class='ocrx_word' id='word_1_145' title='bbox 592 2542 654 2604; x_wconf 89' lang='lat' dir='ltr'>tote</span> <span class='ocrx_word' id='word_1_146' title='bbox 676 2536 769 2604; x_wconf 86' lang='lat' dir='ltr'>simut</span> <span class='ocrx_word' id='word_1_147' title='bbox 791 2543 820 2604; x_wconf 87' lang='lat' dir='ltr'>et</span> <span class='ocrx_word' id='word_1_148' title='bbox 838 2537 974 2626; x_wconf 73' lang='lat' dir='ltr'>perfectu</span> <span class='ocrx_word' id='word_1_149' title='bbox 994 2531 1152 2622; x_wconf 82' lang='lat' dir='ltr'>possessio.</span> <span class='ocrx_word' id='word_1_150' title='bbox 1168 2528 1239 2625; x_wconf 84' lang='lat' dir='ltr'>Nam</span> 
     </span>
     <span class='ocr_line' id='line_1_21' title="bbox 132 2633 1238 2726; baseline -0.003 -24"><span class='ocrx_word' id='word_1_151' title='bbox 132 2659 148 2702; x_wconf 77' lang='grc' dir='ltr'><strong>ι</strong></span> <span class='ocrx_word' id='word_1_152' title='bbox 173 2635 296 2705; x_wconf 86' lang='lat' dir='ltr'>duratio</span> <span class='ocrx_word' id='word_1_153' title='bbox 318 2635 392 2705; x_wconf 91' lang='lat' dir='ltr'>dicit</span> <span class='ocrx_word' id='word_1_154' title='bbox 412 2635 576 2726; x_wconf 89' lang='lat' dir='ltr'>quamdam</span> <span class='ocrx_word' id='word_1_155' title='bbox 606 2636 822 2706; x_wconf 87' lang='lat' dir='ltr'>distensionem</span> <span class='ocrx_word' id='word_1_156' title='bbox 844 2656 883 2705; x_wconf 83' lang='lat' dir='ltr'>ex</span> <span class='ocrx_word' id='word_1_157' title='bbox 904 2633 1021 2705; x_wconf 89' lang='lat' dir='ltr'>mtione</span> <span class='ocrx_word' id='word_1_158' title='bbox 1042 2633 1192 2715; x_wconf 90' lang='lat' dir='ltr'>nominis;</span> <span class='ocrx_word' id='word_1_159' title='bbox 1209 2640 1238 2719; x_wconf 81' lang='lat' dir='ltr'>et</span> 
     </span>
     <span class='ocr_line' id='line_1_22' title="bbox 128 2732 1238 2827; baseline -0.005 -21"><span class='ocrx_word' id='word_1_160' title='bbox 128 2737 200 2827; x_wconf 90' lang='lat' dir='ltr'>quia</span> <span class='ocrx_word' id='word_1_161' title='bbox 225 2737 256 2806; x_wconf 89' lang='lat' dir='ltr'>in</span> <span class='ocrx_word' id='word_1_162' title='bbox 280 2735 388 2806; x_wconf 87' lang='lat' dir='ltr'>Divino</span> <span class='ocrx_word' id='word_1_163' title='bbox 415 2735 489 2809; x_wconf 80' lang='lat' dir='ltr'>Esse</span> <span class='ocrx_word' id='word_1_164' title='bbox 510 2756 575 2805; x_wconf 91' lang='lat' dir='ltr'>non</span> <span class='ocrx_word' id='word_1_165' title='bbox 603 2737 691 2805; x_wconf 91' lang='lat' dir='ltr'>debet</span> <span class='ocrx_word' id='word_1_166' title='bbox 724 2735 853 2827; x_wconf 81' lang='lat' dir='ltr'>intelligi</span> <span class='ocrx_word' id='word_1_167' title='bbox 874 2736 975 2826; x_wconf 89' lang='lat' dir='ltr'>aliqua</span> <span class='ocrx_word' id='word_1_168' title='bbox 998 2736 1066 2805; x_wconf 89' lang='lat' dir='ltr'>talis</span> <span class='ocrx_word' id='word_1_169' title='bbox 1088 2732 1238 2819; x_wconf 78' lang='lat' dir='ltr'>distensio,</span> 
     </span>
     <span class='ocr_line' id='line_1_23' title="bbox 129 2835 1240 2926; baseline -0.003 -18"><span class='ocrx_word' id='word_1_170' title='bbox 129 2841 197 2909; x_wconf 93' lang='lat' dir='ltr'>ideo</span> <span class='ocrx_word' id='word_1_171' title='bbox 219 2837 342 2908; x_wconf 76' lang='lat' dir='ltr'>soerias</span> <span class='ocrx_word' id='word_1_172' title='bbox 365 2857 429 2907; x_wconf 91' lang='lat' dir='ltr'>non</span> <span class='ocrx_word' id='word_1_173' title='bbox 451 2835 551 2926; x_wconf 91' lang='lat' dir='ltr'>posuit</span> <span class='ocrx_word' id='word_1_174' title='bbox 573 2837 783 2925; x_wconf 86' lang='lat' dir='ltr'>durationem,</span> <span class='ocrx_word' id='word_1_175' title='bbox 808 2837 859 2907; x_wconf 89' lang='lat' dir='ltr'>sed</span> <span class='ocrx_word' id='word_1_176' title='bbox 883 2836 1130 2926; x_wconf 89' lang='lat' dir='ltr'>possessionem,</span> <span class='ocrx_word' id='word_1_177' title='bbox 1156 2848 1240 2906; x_wconf 86' lang='lat' dir='ltr'>mcta-</span> 
     </span>
     <span class='ocr_line' id='line_1_24' title="bbox 129 2936 1241 3032; baseline 0 -23"><span class='ocrx_word' id='word_1_178' title='bbox 129 2941 253 3032; x_wconf 72' lang='lat' dir='ltr'>physice</span> <span class='ocrx_word' id='word_1_179' title='bbox 275 2941 428 3030; x_wconf 86' lang='lat' dir='ltr'>loquendo</span> <span class='ocrx_word' id='word_1_180' title='bbox 450 2940 487 3008; x_wconf 85' lang='lat' dir='ltr'>ad</span> <span class='ocrx_word' id='word_1_181' title='bbox 512 2939 747 3029; x_wconf 74' lang='lat' dir='ltr'>significandum</span> <span class='ocrx_word' id='word_1_182' title='bbox 769 2940 904 3029; x_wconf 86' lang='lat' dir='ltr'>quietem</span> <span class='ocrx_word' id='word_1_183' title='bbox 927 2937 1026 3010; x_wconf 83' lang='lat' dir='ltr'>bivini</span> <span class='ocrx_word' id='word_1_184' title='bbox 1050 2940 1153 3025; x_wconf 80' lang='lat' dir='ltr'>Esse;</span> <span class='ocrx_word' id='word_1_185' title='bbox 1176 2936 1241 3015; x_wconf 83' lang='lat' dir='ltr'>illud</span> 
     </span>
     <span class='ocr_line' id='line_1_25' title="bbox 128 3040 1242 3132; baseline -0.003 -20"><span class='ocrx_word' id='word_1_186' title='bbox 128 3040 211 3112; x_wconf 91' lang='lat' dir='ltr'>enim</span> <span class='ocrx_word' id='word_1_187' title='bbox 233 3041 367 3110; x_wconf 84' lang='lat' dir='ltr'>dicimur</span> <span class='ocrx_word' id='word_1_188' title='bbox 388 3041 552 3130; x_wconf 89' lang='lat' dir='ltr'>possidere,</span> <span class='ocrx_word' id='word_1_189' title='bbox 575 3041 657 3130; x_wconf 92' lang='lat' dir='ltr'>quod</span> <span class='ocrx_word' id='word_1_190' title='bbox 680 3040 781 3131; x_wconf 87' lang='lat' dir='ltr'>quiete</span> <span class='ocrx_word' id='word_1_191' title='bbox 803 3052 833 3110; x_wconf 92' lang='lat' dir='ltr'>et</span> <span class='ocrx_word' id='word_1_192' title='bbox 856 3043 942 3132; x_wconf 88' lang='lat' dir='ltr'>plene</span> <span class='ocrx_word' id='word_1_193' title='bbox 963 3040 1127 3129; x_wconf 73' lang='lat' dir='ltr'>babemus,</span> <span class='ocrx_word' id='word_1_194' title='bbox 1155 3052 1186 3112; x_wconf 89' lang='lat' dir='ltr'>et</span> <span class='ocrx_word' id='word_1_195' title='bbox 1207 3040 1242 3109; x_wconf 85' lang='lat' dir='ltr'>sic</span> 
     </span>
     <span class='ocr_line' id='line_1_26' title="bbox 127 3141 1241 3233; baseline -0.001 -20"><span class='ocrx_word' id='word_1_196' title='bbox 127 3142 209 3214; x_wconf 88' lang='lat' dir='ltr'>Deus</span> <span class='ocrx_word' id='word_1_197' title='bbox 233 3141 384 3231; x_wconf 90' lang='lat' dir='ltr'>possidere</span> <span class='ocrx_word' id='word_1_198' title='bbox 406 3141 498 3211; x_wconf 89' lang='lat' dir='ltr'>vitam</span> <span class='ocrx_word' id='word_1_199' title='bbox 521 3163 609 3212; x_wconf 87' lang='lat' dir='ltr'>suam</span> <span class='ocrx_word' id='word_1_200' title='bbox 632 3144 754 3230; x_wconf 89' lang='lat' dir='ltr'>dicitur,</span> <span class='ocrx_word' id='word_1_201' title='bbox 771 3142 842 3233; x_wconf 89' lang='lat' dir='ltr'>quia</span> <span class='ocrx_word' id='word_1_202' title='bbox 856 3143 940 3212; x_wconf 90' lang='lat' dir='ltr'>nulla</span> <span class='ocrx_word' id='word_1_203' title='bbox 954 3141 1169 3233; x_wconf 90' lang='lat' dir='ltr'>inquietudine</span> <span class='ocrx_word' id='word_1_204' title='bbox 1184 3162 1241 3215; x_wconf 89' lang='lat' dir='ltr'>mo·</span> 
     </span>
     <span class='ocr_line' id='line_1_27' title="bbox 128 3240 1243 3335; baseline 0.002 -22"><span class='ocrx_word' id='word_1_205' title='bbox 128 3245 254 3314; x_wconf 89' lang='lat' dir='ltr'>lestatur</span> <span class='ocrx_word' id='word_1_206' title='bbox 277 3242 326 3314; x_wconf 72' lang='lat'>²».</span> <span class='ocrx_word' id='word_1_207' title='bbox 350 3243 384 3315; x_wconf 61' lang='grc' dir='ltr'>ι’</span> <span class='ocrx_word' id='word_1_208' title='bbox 398 3241 565 3314; x_wconf 81' lang='lat' dir='ltr'>Aeternitas</span> <span class='ocrx_word' id='word_1_209' title='bbox 587 3245 640 3314; x_wconf 88' lang='lat' dir='ltr'>Dei</span> <span class='ocrx_word' id='word_1_210' title='bbox 665 3257 820 3335; x_wconf 82' lang='lat' dir='ltr'>tamquam</span> <span class='ocrx_word' id='word_1_211' title='bbox 842 3246 930 3315; x_wconf 88' lang='lat' dir='ltr'>realis</span> <span class='ocrx_word' id='word_1_212' title='bbox 952 3240 1097 3315; x_wconf 80' lang='lat' dir='ltr'>mensura</span> <span class='ocrx_word' id='word_1_213' title='bbox 1112 3246 1186 3318; x_wconf 78' lang='lat' dir='ltr'>Este</span> <span class='ocrx_word' id='word_1_214' title='bbox 1199 3245 1243 3315; x_wconf 83' lang='lat' dir='ltr'>bt·</span> 
     </span>
     <span class='ocr_line' id='line_1_28' title="bbox 127 3345 1243 3438; baseline 0.001 -22"><span class='ocrx_word' id='word_1_215' title='bbox 127 3345 190 3416; x_wconf 90' lang='lat' dir='ltr'>vini</span> <span class='ocrx_word' id='word_1_216' title='bbox 214 3345 353 3417; x_wconf 90' lang='lat' dir='ltr'>habenda</span> <span class='ocrx_word' id='word_1_217' title='bbox 374 3367 439 3416; x_wconf 93' lang='lat' dir='ltr'>non</span> <span class='ocrx_word' id='word_1_218' title='bbox 462 3357 518 3434; x_wconf 91' lang='lat' dir='ltr'>est,</span> <span class='ocrx_word' id='word_1_219' title='bbox 544 3356 612 3415; x_wconf 90' lang='lat' dir='ltr'>tum</span> <span class='ocrx_word' id='word_1_220' title='bbox 634 3348 705 3438; x_wconf 88' lang='lat' dir='ltr'>quia</span> <span class='ocrx_word' id='word_1_221' title='bbox 728 3346 809 3417; x_wconf 86' lang='lat' dir='ltr'>Deus</span> <span class='ocrx_word' id='word_1_222' title='bbox 835 3358 966 3419; x_wconf 90' lang='lat' dir='ltr'>nonest</span> <span class='ocrx_word' id='word_1_223' title='bbox 990 3346 1113 3435; x_wconf 84' lang='lat' dir='ltr'>realiter</span> <span class='ocrx_word' id='word_1_224' title='bbox 1127 3369 1243 3425; x_wconf 76' lang='lat' dir='ltr'>mensu:</span> 
     </span>
     <span class='ocr_line' id='line_1_29' title="bbox 128 3447 1242 3539; baseline 0.005 -21"><span class='ocrx_word' id='word_1_225' title='bbox 128 3459 225 3539; x_wconf 90' lang='lat' dir='ltr'>ratus,</span> <span class='ocrx_word' id='word_1_226' title='bbox 251 3459 319 3519; x_wconf 91' lang='lat' dir='ltr'>tum</span> <span class='ocrx_word' id='word_1_227' title='bbox 332 3449 404 3538; x_wconf 87' lang='lat' dir='ltr'>quia</span> <span class='ocrx_word' id='word_1_228' title='bbox 420 3447 510 3519; x_wconf 87' lang='lat' dir='ltr'>realis</span> <span class='ocrx_word' id='word_1_229' title='bbox 524 3469 669 3521; x_wconf 90' lang='lat' dir='ltr'>mensura</span> <span class='ocrx_word' id='word_1_230' title='bbox 692 3453 803 3522; x_wconf 91' lang='lat' dir='ltr'>realem</span> <span class='ocrx_word' id='word_1_231' title='bbox 825 3448 1077 3521; x_wconf 87' lang='lat' dir='ltr'>distinctionem</span> <span class='ocrx_word' id='word_1_232' title='bbox 1069 3461 1151 3522; x_wconf 87' lang='lat' dir='ltr'>mter</span> <span class='ocrx_word' id='word_1_233' title='bbox 1165 3473 1242 3539; x_wconf 87' lang='lat' dir='ltr'>men·</span> 
     </span>
     <span class='ocr_line' id='line_1_30' title="bbox 128 3551 1246 3644; baseline 0.004 -26"><span class='ocrx_word' id='word_1_234' title='bbox 128 3571 245 3640; x_wconf 88' lang='lat' dir='ltr'>suram,</span> <span class='ocrx_word' id='word_1_235' title='bbox 269 3563 300 3622; x_wconf 94' lang='lat' dir='ltr'>et</span> <span class='ocrx_word' id='word_1_236' title='bbox 323 3561 532 3622; x_wconf 89' lang='lat' dir='ltr'>mensuratum</span> <span class='ocrx_word' id='word_1_237' title='bbox 554 3552 706 3641; x_wconf 90' lang='lat' dir='ltr'>assumit,</span> <span class='ocrx_word' id='word_1_238' title='bbox 730 3573 807 3644; x_wconf 84' lang='lat' dir='ltr'>qaae</span> <span class='ocrx_word' id='word_1_239' title='bbox 829 3553 965 3642; x_wconf 88' lang='lat' dir='ltr'>prolecto</span> <span class='ocrx_word' id='word_1_240' title='bbox 988 3551 1070 3621; x_wconf 89' lang='lat' dir='ltr'>inter</span> <span class='ocrx_word' id='word_1_241' title='bbox 1093 3555 1246 3625; x_wconf 70' lang='lat' dir='ltr'>ammira</span> 
     </span>
     <span class='ocr_line' id='line_1_31' title="bbox 128 3652 1244 3772; baseline 0.003 -50"><span class='ocrx_word' id='word_1_242' title='bbox 128 3663 201 3772; x_wconf 72' lang='lat' dir='ltr'>tem,</span> <span class='ocrx_word' id='word_1_243' title='bbox 226 3663 257 3723; x_wconf 91' lang='lat' dir='ltr'>et</span> <span class='ocrx_word' id='word_1_244' title='bbox 280 3655 354 3726; x_wconf 83' lang='lat' dir='ltr'>Esse</span> <span class='ocrx_word' id='word_1_245' title='bbox 376 3652 430 3724; x_wconf 83' lang='lat' dir='ltr'>bei</span> <span class='ocrx_word' id='word_1_246' title='bbox 453 3674 517 3724; x_wconf 94' lang='lat' dir='ltr'>non</span> <span class='ocrx_word' id='word_1_247' title='bbox 539 3653 690 3726; x_wconf 85' lang='lat' dir='ltr'>existit.</span> <span class='ocrx_word' id='word_1_248' title='bbox 665 3655 675 3694; x_wconf 84' lang='lat'>³</span> <span class='ocrx_word' id='word_1_249' title='bbox 714 3654 861 3736; x_wconf 84' lang='lat' dir='ltr'>Quocirca</span> <span class='ocrx_word' id='word_1_250' title='bbox 884 3653 960 3723; x_wconf 91' lang='lat' dir='ltr'>ratio</span> <span class='ocrx_word' id='word_1_251' title='bbox 990 3674 1157 3726; x_wconf 89' lang='lat' dir='ltr'>mensurae</span> <span class='ocrx_word' id='word_1_252' title='bbox 1178 3677 1244 3735; x_wconf 86' lang='lat' dir='ltr'>con·</span> 
     </span>
     <span class='ocr_line' id='line_1_32' title="bbox 129 3755 1246 3849; baseline 0.002 -22"><span class='ocrx_word' id='word_1_253' title='bbox 129 3755 211 3828; x_wconf 91' lang='lat' dir='ltr'>venit</span> <span class='ocrx_word' id='word_1_254' title='bbox 232 3756 402 3829; x_wconf 86' lang='lat' dir='ltr'>aeternitati</span> <span class='ocrx_word' id='word_1_255' title='bbox 430 3757 600 3830; x_wconf 91' lang='lat' dir='ltr'>secundum</span> <span class='ocrx_word' id='word_1_256' title='bbox 622 3757 893 3848; x_wconf 87' lang='lat' dir='ltr'>apprehensionem</span> <span class='ocrx_word' id='word_1_257' title='bbox 915 3767 1080 3846; x_wconf 85' lang='lat' dir='ltr'>nostram,</span> <span class='ocrx_word' id='word_1_258' title='bbox 1104 3771 1246 3849; x_wconf 81' lang='lat' dir='ltr'>quatenus</span> 
     </span>
    </p>
   </div>
   <div class='ocr_carea' id='block_1_4' title="bbox 172 4024 925 4272">
    <p class='ocr_par' dir='ltr' id='par_1_5' title="bbox 172 4024 925 4272">
     <span class='ocr_line' id='line_1_33' title="bbox 172 4024 847 4099; baseline 0 -15"><span class='ocrx_word' id='word_1_259' title='bbox 172 4028 196 4098; x_wconf 68' lang='grc' dir='ltr'>ί)</span> <span class='ocrx_word' id='word_1_260' title='bbox 215 4028 238 4098; x_wconf 86' lang='grc'>1,</span> <span class='ocrx_word' id='word_1_261' title='bbox 258 4044 286 4099; x_wconf 85' lang='lat' dir='ltr'>q.</span> <span class='ocrx_word' id='word_1_262' title='bbox 304 4025 415 4099; x_wconf 66' lang='lat' dir='ltr'>lxxa,</span> <span class='ocrx_word' id='word_1_263' title='bbox 434 4043 462 4085; x_wconf 79' lang='lat' dir='ltr'>a.</span> <span class='ocrx_word' id='word_1_264' title='bbox 483 4026 497 4084; x_wconf 91' lang='lat' dir='ltr'>l</span> <span class='ocrx_word' id='word_1_265' title='bbox 518 4027 554 4084; x_wconf 86' lang='lat' dir='ltr'>ad</span> <span class='ocrx_word' id='word_1_266' title='bbox 574 4024 602 4084; x_wconf 77' lang='lat' dir='ltr'>d.</span> <span class='ocrx_word' id='word_1_267' title='bbox 844 4050 847 4055; x_wconf 95' lang='lat'>·</span> 
     </span>
     <span class='ocr_line' id='line_1_34' title="bbox 172 4112 925 4187; baseline 0.001 -18"><span class='ocrx_word' id='word_1_268' title='bbox 172 4115 197 4184; x_wconf 81' lang='lat'>²)</span> <span class='ocrx_word' id='word_1_269' title='bbox 216 4113 246 4169; x_wconf 92' lang='lat' dir='ltr'>ln</span> <span class='ocrx_word' id='word_1_270' title='bbox 267 4112 316 4168; x_wconf 89' lang='lat' dir='ltr'>lib.</span> <span class='ocrx_word' id='word_1_271' title='bbox 336 4112 347 4168; x_wconf 90' lang='lat' dir='ltr'>l</span> <span class='ocrx_word' id='word_1_272' title='bbox 366 4113 458 4183; x_wconf 73' lang='lat' dir='ltr'>Sena,</span> <span class='ocrx_word' id='word_1_273' title='bbox 478 4113 546 4170; x_wconf 88' lang='lat' dir='ltr'>Dist.</span> <span class='ocrx_word' id='word_1_274' title='bbox 566 4113 637 4186; x_wconf 89' lang='lat' dir='ltr'>vltt,</span> <span class='ocrx_word' id='word_1_275' title='bbox 655 4132 684 4187; x_wconf 84' lang='lat' dir='ltr'>q.</span> <span class='ocrx_word' id='word_1_276' title='bbox 704 4114 738 4185; x_wconf 90' lang='lat' dir='ltr'>ll,</span> <span class='ocrx_word' id='word_1_277' title='bbox 760 4130 787 4174; x_wconf 84' lang='lat' dir='ltr'>a.</span> <span class='ocrx_word' id='word_1_278' title='bbox 810 4115 821 4170; x_wconf 90' lang='lat' dir='ltr'>l</span> <span class='ocrx_word' id='word_1_279' title='bbox 843 4114 879 4173; x_wconf 86' lang='lat' dir='ltr'>ad</span> <span class='ocrx_word' id='word_1_280' title='bbox 897 4113 925 4171; x_wconf 85' lang='grc'>6.</span> 
     </span>
     <span class='ocr_line' id='line_1_35' title="bbox 173 4196 772 4272; baseline -0.002 -14"><span class='ocrx_word' id='word_1_281' title='bbox 173 4198 197 4272; x_wconf 71' lang='lat'>³)</span> <span class='ocrx_word' id='word_1_282' title='bbox 219 4196 312 4271; x_wconf 71' lang='lat' dir='ltr'>lem,</span> <span class='ocrx_word' id='word_1_283' title='bbox 330 4197 398 4256; x_wconf 79' lang='lat' dir='ltr'>Diat.</span> <span class='ocrx_word' id='word_1_284' title='bbox 421 4197 497 4271; x_wconf 81' lang='lat' dir='ltr'>xlx,</span> <span class='ocrx_word' id='word_1_285' title='bbox 516 4217 543 4272; x_wconf 83' lang='lat' dir='ltr'>q.</span> <span class='ocrx_word' id='word_1_286' title='bbox 565 4199 587 4272; x_wconf 92' lang='lat' dir='ltr'>l,</span> <span class='ocrx_word' id='word_1_287' title='bbox 607 4217 634 4258; x_wconf 85' lang='lat' dir='ltr'>a.</span> <span class='ocrx_word' id='word_1_288' title='bbox 656 4199 668 4255; x_wconf 94' lang='lat' dir='ltr'>l</span> <span class='ocrx_word' id='word_1_289' title='bbox 689 4202 726 4258; x_wconf 85' lang='lat' dir='ltr'>ad</span> <span class='ocrx_word' id='word_1_290' title='bbox 744 4200 772 4259; x_wconf 75' lang='lat' dir='ltr'>d.</span> 
     </span>
    </p>
   </div>
   <div class='ocr_carea' id='block_1_5' title="bbox 0 0 1380 4770">
    <p class='ocr_par' dir='ltr' id='par_1_6' title="bbox 0 0 1380 4770">
     <span class='ocr_line' id='line_1_36' title="bbox 0 0 1380 4770; baseline 0 0"><span class='ocrx_word' id='word_1_291' title='bbox 0 0 1380 4770; x_wconf 95' lang='lat' dir='ltr'> </span> 
     </span>
    </p>
   </div>
  </div>
 </body>
</html>
