2760 4770
133 375 243 447 relatio
258 373 290 447 in
312 383 443 467 utreque
470 383 609 447 extremo
638 387 686 448 est
704 376 805 464 rmlis,
829 386 1014 467 conceptus
1039 377 1138 449 unius
1156 379 1251 449 exteri

130 489 315 570 conceptum
350 477 477 547 alterius
512 497 617 548 secum
652 477 800 567 inuoluit,
835 488 866 547 et
890 478 1058 564 vicissim3
1083 501 1113 551 e.
1137 501 1182 571 g,
1200 501 1251 550 con

128 592 235 675 ceptus
256 582 381 652 allectus
402 592 586 673 conceptum
608 603 742 670 causae,
777 592 810 651 et
831 594 1015 672 conceptus
1040 605 1165 673 causac,
1186 596 1252 674 prud

126 705 219 756 causa
240 696 299 772 est,
323 694 505 774 conceptum
527 686 651 756 effectus
676 685 708 755 in
729 704 762 755 re
783 685 937 768 includit;
965 708 1118 779 namque
1141 699 1202 757 turn
1219 709 1251 757 re

127 787 201 860 latio
221 808 329 858 causae
351 788 389 856 ad
411 787 574 875 ellectum,
610 798 680 856 tum
706 786 800 858 huius
822 788 861 857 ad
885 787 977 857 illam
1005 801 1061 861 est
1084 791 1185 862 reatu.
1208 792 1249 876 lt,

127 890 154 962 si
177 892 287 962 relatio
308 891 342 960 in
364 910 428 960 uno
449 902 657 961 extremorum
681 890 723 959 sit
744 890 859 977 realia,
901 889 935 960 in
959 895 1073 962 altero
1095 892 1136 962 sit
1157 904 1251 961 tantun

127 995 267 1083 numm,
291 1003 366 1063 tunc
388 1013 442 1083 per
456 1001 637 1080 conceptum
668 989 750 1061 illius
771 991 913 1081 extremi,
940 992 976 1061 in
1003 1014 1078 1083 quo
1102 994 1204 1065 relatio
1220 1005 1253 1062 cst

125 1099 231 1183 reela,
254 1099 293 1167 ad
314 1106 496 1186 conceptum
519 1093 643 1164 alterius
664 1093 822 1182 extremi,
846 1092 877 1162 in
903 1116 973 1184 quo
1000 1097 1121 1168 relatio
1157 1109 1200 1166 cst
1216 1116 1254 1164 ra

127 1202 229 1290 rimo,
252 1219 340 1270 mens
361 1208 467 1268 nostra
489 1196 635 1286 assurgit,
651 1195 704 1267 sed
721 1215 784 1265 non
799 1195 945 1268 vicissim.
963 1197 1009 1266 E.
1029 1220 1083 1288 g.,
1109 1209 1254 1288 eonoeplcs

127 1303 207 1373 entis
228 1299 433 1390 contingentis
455 1300 493 1368 ad
515 1308 650 1367 mentem
664 1308 800 1368 nostram
823 1309 947 1370 revocat
961 1313 1167 1393 conceptum
1189 1299 1253 1370 lictis

126 1404 300 1488 neccssaria
316 1413 348 1472 at
363 1401 455 1473 unius
468 1412 633 1492 conceptus
653 1400 691 1469 ad
706 1400 913 1489 contingentis
928 1413 1134 1492 conceptum
1149 1425 1202 1474 nes
1213 1423 1252 1471 nc

126 1509 259 1580 cessario
280 1526 344 1577 uon
367 1503 515 1595 perducit3
530 1525 602 1573 nam
619 1502 724 1572 relatio
739 1503 827 1574 Entis
842 1506 1014 1574 necessarii
1032 1506 1076 1575 ad
1088 1506 1251 1595 contingens

125 1621 172 1683 est
193 1609 283 1681 realis
305 1608 338 1678 in
361 1607 431 1695 isto,
456 1627 519 1675 non
543 1626 614 1675 vero
638 1606 670 1673 in
693 1604 757 1694 illo,
774 1625 847 1674 oum
870 1605 937 1676 llus
959 1608 1184 1679 necessarium
1204 1607 1251 1675 sine

126 1712 322 1803 contingente
342 1711 471 1779 existere
494 1707 693 1797 pensitatque
716 1727 770 1796 per
791 1706 884 1777 huius
906 1705 1132 1798 existentiam,
1156 1718 1252 1798 praeter
1277 1742 1279 1791 p

126 1814 291 1908 quamdam
312 1809 603 1893 denominationem,
627 1809 705 1878 nilril
726 1809 797 1878 novi
812 1809 960 1898 acquirat.

133 1924 138 1931 '
173 1915 348 1985 Secundum
370 1914 451 1983 hanc
464 1911 708 2002 explicationem,
733 1910 813 1980 istud
828 1912 1132 2001 ellntum,monentc
1146 1936 1172 1985 s.
1188 1913 1251 1981 'llo

127 2018 364 2109 mauritanum
394 2015 528 2106 logicum
552 2014 642 2085 nobis
664 2015 845 2106 suppeditat,
869 2035 905 2084 ex
930 2037 995 2104 quo
1012 2016 1106 2087 facile
1125 2014 1250 2107 cognosci

127 2121 233 2212 possit,
256 2131 365 2189 utrum
386 2119 450 2188 duo
473 2117 594 2188 termini
618 2117 771 2188 relationis
794 2118 856 2187 sint
876 2117 971 2187 uenat
995 2127 1135 2207 mura,
1161 2136 1248 2188 noaret

130 2244 146 2288 r
171 2221 201 2290 Si
223 2219 306 2289 enim
330 2241 429 2290 unum
452 2218 676 2311 (relativorum)
700 2221 732 2289 in
755 2240 812 2290 suc
834 2220 991 2290 intellectu
1018 2222 1148 2290 claudat
1169 2217 1246 2304 atim,
1276 2210 1278 2217 ’

127 2335 158 2395 et
179 2344 197 2395 e
219 2345 377 2412 converso,
402 2334 476 2393 tunc
498 2323 591 2393 simul
614 2334 687 2394 sunt
709 2333 827 2409 natura,
851 2320 930 2390 sicut
951 2321 1105 2414 duplum,
1114 2333 1154 2391 et
1174 2318 1246 2390 dimi

125 2427 224 2512 dium,
248 2436 279 2495 et
302 2437 397 2518 pater,
421 2435 452 2495 ct
474 2425 569 2512 lilius,
593 2433 624 2492 et
646 2422 767 2495 similia.
791 2423 823 2493 Si
846 2433 949 2493 autem
971 2444 1079 2493 unum
1098 2424 1133 2493 in
1148 2423 1193 2494 sni
1209 2420 1244 2489 ic·

128 2531 248 2599 tellectu
271 2528 391 2597 claudat
412 2525 506 2614 aliud,
522 2535 553 2594 et
575 2546 640 2595 non
662 2546 680 2594 c
701 2545 860 2614 mutereo,
884 2535 957 2594 tunc
972 2548 1043 2596 non
1068 2539 1147 2596 sunt
1167 2525 1241 2598 sind

126 2642 249 2718 natura,
273 2639 304 2699 et
325 2630 384 2697 hoc
406 2628 500 2698 mode
522 2647 556 2696 se
577 2627 692 2697 habent
714 2627 851 2715 scientia,
868 2635 900 2696 et
922 2626 1061 2696 scibile¹
1090 2652 1123 2700 a.

172 2732 329 2802 Praeterea
351 2733 426 2800 haec
447 2730 527 2800 circa
551 2729 630 2798 idem
651 2730 777 2799 clintum
794 2751 865 2823 prae
878 2727 976 2799 centis
1000 2729 1148 2798 habenda
1170 2736 1238 2800 sunt:

126 2832 161 2901 l'
183 2832 241 2913 Qui
265 2832 350 2902 norit
372 2854 470 2904 unum
494 2832 672 2920 relatorum,
689 2832 776 2903 novit
797 2842 827 2901 et
842 2834 983 2916 alterum,
1000 2831 1167 2922 indefinite
1185 2830 1239 2921 qui·

122 2934 206 3025 dem,
228 2947 260 3006 at
275 2955 340 3006 non
356 2955 476 3025 semper
489 2934 624 3025 definita,
646 2934 756 3006 scilicet
771 2932 929 3024 cognoscit
942 2952 1012 3003 esse
1028 2936 1176 3023 alterum,
1191 2949 1239 3000 non

124 3058 197 3109 rero
218 3038 376 3128 quodnam
399 3035 474 3106 illud
504 3035 555 3106 sit.
582 3034 626 3103 lta
648 3035 702 3125 qui
725 3035 783 3106 scit
798 3036 923 3107 Petrum
945 3053 1012 3105 osse
1037 3046 1172 3124 patrem,
1194 3034 1238 3103 illi·

123 3157 162 3208 cc
182 3137 272 3208 cuius
295 3145 379 3227 pater
400 3137 450 3224 sit,
474 3155 539 3205 non
560 3137 728 3226 cognoscit
761 3136 830 3206 licet
851 3134 978 3204 alicuius
999 3154 1070 3205 esse
1091 3147 1181 3207 certo
1198 3152 1240 3204 co·

124 3247 264 3328 gnoscat:
289 3238 375 3325 item,
391 3239 444 3325 qui
468 3238 552 3308 norit
567 3237 758 3310 Aristotelem
773 3259 839 3310 esse
854 3245 1093 3328 praeceptorem,
1114 3238 1140 3308 is
1160 3238 1238 3309 ctian

123 3348 316 3431 perspectum
338 3338 441 3427 hahet,
465 3338 595 3430 aliquem
623 3339 691 3412 eius
712 3361 780 3413 esse
807 3340 1003 3429 discipulum,
1029 3340 1176 3430 quamvis
1195 3358 1239 3409 ner

124 3442 331 3517 Alexandrum
353 3444 448 3534 norit,
465 3465 522 3516 nee
535 3443 793 3534 Theophrastum.
810 3446 927 3517 Dicitur
945 3464 1006 3516 uon
1021 3467 1160 3542 semperq
1182 3466 1239 3517 mn

122 3544 177 3633 qui
201 3568 301 3616 unum
323 3547 490 3617 relatorum
517 3547 604 3617 novit
626 3546 763 3636 definite,
788 3548 938 3637 perfecte,
961 3556 993 3617 et
1012 3561 1116 3638 certo,
1142 3552 1175 3621 in
1194 3567 1239 3620 suo

126 3647 267 3734 peculiari
289 3648 458 3719 relatorum
482 3649 599 3740 gradu,
624 3648 651 3721 is
673 3671 798 3741 quoque
819 3649 956 3738 definite,
985 3661 1072 3720 certo
1093 3665 1130 3721 et
1150 3660 1239 3723 exacte

125 3747 212 3817 norit
233 3749 366 3820 alterum
387 3748 495 3821 eodem
523 3751 620 3840 gradu
647 3749 690 3820 illi
711 3771 730 3821 a
749 3751 898 3823 diametro
929 3750 1135 3840 respondens.
1161 3751 1246 3823 uta·

124 3848 229 3935 rclads
242 3852 495 3943 aequiparandae
514 3871 579 3921 nen
592 3851 696 3923 solum
712 3853 907 3944 cognescitur
920 3852 1080 3924 existentia
1095 3854 1237 3937 mmdati,

124 3950 177 4022 sed
198 3961 230 4022 et
252 3953 431 4045 proprietas.
444 3952 478 4023 Si
491 3952 575 4025 enim
596 3973 781 4044 cognoscam
803 3956 888 4025 hunc
908 3953 1054 4047 parietem
1076 3976 1145 4027 esse
1166 3952 1238 4026 drui-

124 4054 186 4125 lem
207 4053 306 4143 alteri,
321 4065 353 4125 et
366 4055 450 4127 hunc
463 4056 611 4145 parietem
624 4077 690 4129 esse
704 4058 822 4148 album,
834 4059 926 4130 etiam
941 4076 1101 4149 cognosco
1115 4061 1236 4128 alterurn

164 4271 188 4347 ί)
206 4272 229 4349 l,
248 4290 277 4350 q.
296 4270 371 4350 xttl,
389 4287 416 4332 a.
436 4270 454 4333 7
472 4274 509 4333 cd
527 4273 556 4335 6.
