2760 4770
611 221 774 291 „tt-
1148 220 1213 290 tta

128 400 132 406 .
180 336 336 440 'lenirem‘
360 352 417 423 etsi
439 343 620 422 indivisibile
642 352 779 423 additum
802 343 975 421 indivisibili
998 359 1063 421 non
1081 353 1177 421 valeat
1192 349 1258 420 elfi-

100 503 107 513 .
133 447 338 543 ceremiam,
362 467 416 524 aut
435 455 616 539 extensius;
641 467 741 526 tamen
770 455 888 524 allicere
912 464 1008 543 potest
1025 456 1113 544 plus,
1137 465 1168 522 et
1188 475 1258 520 cau-
1346 498 1350 504 ·

133 574 202 624 sare
225 556 467 626 multitudinem.
495 559 628 646 Etenim,
657 581 728 627 cum
750 559 902 647 quantitas
917 558 1058 644 discreta,
1082 577 1135 625 seu
1151 577 1262 626 nunno,-

134 679 189 725 rus
208 650 251 726 sit
272 663 423 748 quaedam
445 663 621 749 multitudo,
648 663 764 731 mirum
793 683 857 730 non
879 671 937 747 est,
961 660 1045 748 quod
1068 659 1199 729 unitates
1221 681 1259 728 ex

135 781 167 828 se
188 760 382 833 indivisibiles
404 774 518 851 queant
540 775 721 853 aggregatae
741 784 908 843 nanterum
925 761 1123 832 constituere.
1142 759 1259 839 Quibus

125 865 228 934 etiam
250 867 423 936 addendum
445 877 502 956 est,
534 879 633 957 partes
655 866 832 958 quantitatis
855 867 1020 943 continuae
1041 886 1107 935 csse
1121 864 1258 934 ciusdem

128 966 263 1036 rationis
285 990 357 1038 cum
383 964 457 1059 toto,
487 992 556 1058 pars
578 969 689 1061 quippe
712 971 807 1040 lineae
831 971 908 1039 linea
921 970 1076 1059 'quaedam
1100 976 1158 1049 est;
1182 987 1259 1054 quo
1335 962 1339 969 ’

128 1070 213 1139 circa
236 1071 402 1164 sicutipse
432 1075 585 1164 quantitas
606 1074 751 1144 continua
781 1085 901 1143 constat
923 1074 1083 1165 partibus,
1107 1082 1137 1142 et
1163 1080 1260 1160 potest

127 1173 227 1242 dividi
251 1173 283 1242 in
306 1197 383 1261 aas,
408 1175 449 1243 ita
471 1176 623 1265 quaelibet
648 1175 715 1246 eius
739 1197 808 1263 pars
836 1175 925 1243 debet
947 1175 976 1242 id
1001 1175 1101 1264 ipsum
1124 1173 1256 1258 babere,

126 1279 219 1366 quod
243 1277 477 1346 indivisibilibus
492 1277 597 1367 nequit
618 1277 790 1347 convenire.
823 1279 862 1346 At
885 1286 989 1366 partes
1005 1275 1182 1364 quantitatis
1197 1275 1258 1344 dis-

124 1389 233 1448 cretae
255 1400 317 1448 non
341 1378 413 1448 sun't
435 1379 571 1448 eiusdem
591 1380 716 1450 rationis
738 1402 810 1449 cum
834 1391 909 1465 toto,
927 1378 1085 1449 nonenim
1111 1377 1257 1468 parsqui-
1334 1437 1338 1447 „

131 1480 210 1547 narii
232 1492 278 1550 est
300 1481 472 1571 quinarius;
494 1503 530 1550 ac
545 1481 673 1572 proinde
684 1482 752 1549 -sveri
770 1492 879 1570 potest,
895 1491 930 1548 ut
951 1480 1111 1571 quantitas*
1126 1481 1256 1551 discreta

123 1607 169 1654 -ex
194 1588 268 1654 solis
292 1584 524 1654 indivisibilibus
547 1587 751 1653 constituatur
775 1585 799 1654 ¹.

120 1721 125 1735 ›-
177 1686 270 1757 lel.
298 1687 344 1755 Ex
367 1705 526 1766 Quintam
553 1703 772 1757 ataricumav
790 1706 996 1759 oruaarvonn
1012 1706 1155 1757 raoravt
1173 1709 1258 1758 rora

121 1808 251 1859 vrnrus
285 1810 422 1861 renarra
447 1803 722 1859 oauousranrtnv.
762 1789 902 1878 Nempe:
928 1788 993 1856 Etsi
1023 1808 1061 1856 ev
1086 1787 1256 1877 particulavi

124 1912 195 1959 non
218 1892 404 1961 sullicienter
433 1888 826 1978 ostendatur‘universatc,
851 1903 964 1977 tamen,
988 1892 1111 1980 quando
1132 1890 1254 1977 aliquod

125 1993 311 2081 ,particulare
334 2015 414 2084 opus
438 1995 596 2084 proprium
625 2004 672 2062 est
694 1994 823 2064 alicuius
845 1992 984 2080 agente,
1009 2002 1083 2061 tunc
1105 2014 1159 2082 per
1183 1994 1255 2061 illud

129 2096 313 2185 particulare
334 2117 412 2187 opus
437 2106 498 2164 tota
522 2097 618 2165 virtus
640 2098 761 2186 agentis
793 2098 950 2186 probatur.
977 2093 1016 2164 tt.
1041 2118 1086 2185 g.‚
1112 2117 1183 2163 cum
1207 2117 1254 2163 ra-

122 2196 270 2264 tiocinari
292 2198 332 2268 sit
353 2199 512 2286 proprium
534 2199 678 2287 hominis,
697 2200 867 2270 ostenditur
888 2197 999 2287 aliquis
1021 2219 1086 2267 esse
1109 2197 1203 2266 homo
1218 2197 1254 2267 csv

120 2297 189 2366 -boc
213 2299 291 2388 ipso,
315 2301 397 2389 quod
421 2301 619 2372 ratiocinatur
641 2304 721 2373 circa
742 2303 959 2393 quodcumque
976 2298 1156 2390 particulare
1171 2301 1258 2370 abia·

121 2412 225 2469 cium.
412 2467 414 2472 ,

121 2552 126 2561 .
174 2504 292 2574 Exinde
315 2504 391 2575 illud
416 2507 557 2578 inserts.
581 2507 725 2597 Thomas
749 2509 844 2598 quod,
871 2529 887 2573 r
911 2528 983 2576 cum
1007 2506 1127 2595 propria
1143 2505 1255 2576 virtute
1291 2562 1325 2585 r.

121 2608 275 2676 miracula
297 2607 392 2677 iacere
416 2609 455 2679 sit
476 2610 573 2678 solius
602 2611 679 2699 ttei,
704 2612 890 2682 sufficienter
917 2620 1075 2681 ostensum
1098 2620 1145 2679 est
1167 2609 1253 2678 Cbri·

118 2723 212 2779 stum
234 2730 300 2780 esse
323 2710 420 2780 Deum
443 2731 481 2780 cx
508 2731 704 2803 quocumque
726 2713 886 2802 miraculo,
902 2713 985 2801 quud
1002 2712 1124 2804 propria
1141 2711 1252 2781 virtute
1344 2732 1347 2736 ·

122 2813 231 2883 locit²
259 2840 290 2884 u.

119 2956 122 2964 ι
173 2917 281 2987 Xlllll.
307 2916 355 2987 Ex
379 2934 494 2993 ottovts
519 2935 591 2987 voa.
607 2937 660 2988 rtv
677 2937 828 2997 ovouvts.
845 2916 933 2989 idest:
943 2916 1012 2986 Non
1027 2916 1157 3007 quodvis
1180 2917 1252 2984 sub-

120 3020 243 3087 iectum
266 3028 372 3107 aptum
395 3018 580 3087 naturaiiter
611 3028 658 3087 est
680 3021 804 3091 cuilibet
827 3021 942 3090 lormae
964 3019 1144 3087 icomediute
1177 3018 1252 3086 reci-

120 3122 266 3211 piendae.
292 3121 423 3191 Cuilibet
445 3121 527 3188 enim
556 3119 671 3189 sormac
693 3122 853 3192 subiicitur
875 3122 996 3213 propria
1021 3120 1156 3205 materia,
1174 3141 1253 3207 quae

122 3225 170 3292 ita
194 3234 242 3292 est
262 3223 416 3319 disposita,
434 3232 478 3290 ut
500 3220 596 3290 forma
627 3243 690 3291 non
711 3224 805 3312 possit
825 3222 883 3307 pisi
909 3224 941 3291 in
965 3221 1017 3290 tali
1040 3222 1165 3291 materia
1181 3222 1252 3289 sub-

116 3329 246 3400 sistere.
272 3327 348 3396 llinc
370 3325 549 3395 ittaeattud
570 3327 708 3415 eliatum,
733 3331 828 3399 Actus
849 3330 1021 3398 activorum
1044 3337 1116 3399 attat
1139 3331 1172 3398 ia
1193 3351 1265 3418 pu·-

126 3434 221 3501 tt'ente
240 3430 471 3520 praedisposilm
495 3449 605 3516 nempe
626 3449 719 3518 ageos
748 3451 811 3498 nou
836 3439 934 3520 potest
955 3429 1088 3520 aliquem
1105 3431 1248 3501 ellectum

121 3534 162 3602 -in
184 3533 314 3622 patiente
336 3533 513 3618 producere,
538 3529 597 3598 nisi
621 3530 720 3618 ipsum
745 3530 861 3618 patiens
882 3531 1062 3622 dispositum
1089 3533 1128 3601 sit
1150 3533 1187 3600 ad
1214 3535 1251 3602 il-

118 3641 195 3708 ·lum
219 3634 470 3722 suscipiendum,
494 3631 566 3722 quia
599 3653 638 3702 ac
658 3634 786 3723 quotibet
809 3654 870 3702 noa
890 3635 925 3723 fii
947 3634 1107 3723 quodlibet.
1133 3635 1250 3706 Dicitur

122 3757 200 3810 vero
222 3737 406 3826 immediate,
432 3733 546 3806 scilicet
568 3737 653 3806 nulla
676 3735 846 3805 rnumtione
860 3736 1077 3817 intercedente
1096 3759 1167 3806 nam
1183 3761 1246 3806 rue-

124 3986 195 4028 mus
212 3969 273 4026 sine
293 3967 447 4025 intervallo
467 4009 475 4024 .
501 4006 508 4023 .
530 3998 568 4024 μ.
590 3984 646 4026 nou
666 3967 695 4025 llt
715 3968 767 4025 nisi
789 3984 862 4026 unus
880 3979 1001 4038 punctus
1022 3985 1082 4042 ¹3³·
1103 3967 1185 4043 Aust,
1204 3968 1246 4027 Dc

123 4058 262 4114 Proreus.
284 4055 336 4125 Sp.
355 4056 399 4123 8.,
419 4069 447 4108 c.
466 4053 513 4110 29.
1311 4052 1315 4058 '

164 4139 189 4207 ¹)
209 4139 270 4194 vid.
292 4139 478 4196 indivisibile
496 4140 827 4215 simplex-amictiae,
846 4141 899 4200 litt.
920 4142 949 4200 l.

163 4232 189 4298 ²)
208 4225 237 4302 d,
255 4242 283 4301 q.
305 4226 401 4303 xuttt,
420 4244 448 4297 q.
468 4224 486 4284 4
503 4230 540 4286 ad
560 4227 587 4287 3.
