2744 4770
479 597 848 670 nlsrlrtnr-lonns

142 817 171 890 l.
195 816 585 894 sinemo-summ.
615 825 757 907 Scientio,
783 833 818 892 ut
840 842 947 895 omme
963 834 1089 912 norunt,
1105 835 1152 894 est
1165 842 1218 892 eo-

99 919 198 1011 puitio
218 933 314 1009 certa,
337 932 369 992 et
390 925 511 993 evidens
535 925 577 993 rei
600 945 654 1015 per
676 924 827 1016 propriam
851 945 974 996 eaumm
1000 925 1024 993 ⁴:
1045 927 1219 1016 Sepievctioe

99 1034 202 1099 autem
226 1023 302 1094 illud
318 1025 475 1116 proprium
489 1039 548 1114 ost,
563 1028 646 1117 quod
663 1027 701 1096 sil
717 1029 854 1117 cognitio
869 1049 972 1098 rerum
987 1027 1218 1113 altissimarum,

99 1125 159 1197 loe
179 1138 226 1197 cst
247 1148 325 1216 qnae
346 1149 365 1197 n
387 1128 526 1198 sensibus
551 1132 634 1201 valde
657 1143 791 1201 remotae
805 1141 891 1216 sunt,
909 1150 962 1221 per
975 1128 1135 1198 altissimas
1149 1149 1222 1198 eau-

100 1247 160 1315 sas,
184 1237 216 1296 ot
238 1227 496 1302 universalissima
520 1232 666 1321 principia
685 1255 695 1314 ;
726 1232 798 1320 quia
822 1231 919 1321 prima
943 1251 1046 1299 rerum
1076 1231 1223 1320 principia

100 1329 268 1421 expendit,
301 1340 333 1401 et
366 1332 405 1401 ab
427 1330 478 1402 illa
511 1342 628 1404 ceterae
657 1333 800 1404 scientiae
838 1352 967 1403 suorum
1000 1330 1221 1423 principiorum

100 1430 366 1502 confirmationem
398 1445 429 1503 et
450 1432 632 1503 evidentiam
656 1444 852 1504 mutuantur:
870 1456 885 1500 a
911 1433 1064 1524 Sapientia
1084 1433 1222 1504 oonside-

100 1544 149 1604 rat
170 1533 332 1607 altissimas
354 1555 471 1622 canos,
496 1537 577 1608 nndc
603 1539 820 1607 conuenienter
842 1536 968 1623 iudicet,
991 1546 1023 1606 et
1042 1535 1165 1605 ordinat
1184 1535 1225 1605 de

101 1635 256 1725 omnibus,
272 1637 343 1727 quin
366 1638 512 1708 iudicium
536 1639 702 1729 perlectum
724 1651 755 1710 et
778 1639 945 1708 universale
959 1638 1060 1706 lnberi
1075 1657 1138 1706 non
1155 1646 1224 1727 pot·

100 1750 158 1829 est,
183 1736 240 1807 nisi
262 1760 315 1830 per
336 1741 557 1810 resolutionem
585 1743 624 1811 ad
649 1741 761 1830 primas
784 1761 901 1811 caums.
934 1738 1032 1820 Quare
1066 1738 1223 1828 asapien-

102 1838 145 1909 tia
166 1850 213 1907 est
234 1840 384 1930 quaedam
407 1841 542 1930 scientia,
567 1840 598 1910 in
620 1851 772 1930 quantum
795 1841 886 1910 habet
906 1837 949 1928 id,
973 1839 1057 1928 qnod
1070 1848 1118 1908 est
1138 1860 1224 1908 eom·
1295 1866 1300 1881 ·

104 1960 200 2009 mune
222 1941 367 2012 omnibus
390 1941 548 2030 scientiis,
580 1955 617 2013 ut
639 1943 753 2014 scilieet
774 1963 813 2012 ex
835 1940 989 2033 principiis
1013 1939 1226 2012 conclusiones

103 2042 306 2128 demonstret,
331 2046 383 2116 sed
405 2046 476 2136 quia
500 2047 590 2115 habet
611 2046 727 2137 aliquid
752 2045 910 2138 proprium
933 2064 1026 2136 supra
1041 2045 1115 2115 alias
1129 2043 1225 2111 scien·

103 2144 172 2235 tias,
189 2144 220 2216 in
235 2159 385 2237 queantum
401 2149 514 2219 scilicet
528 2150 566 2219 de
582 2151 727 2220 omnibus
748 2149 871 2239 iudicat,
886 2161 917 2218 et
931 2168 995 2217 non
1010 2148 1111 2218 solum
1126 2165 1225 2234 quan·

103 2258 173 2317 turn
196 2249 234 2317 ad
256 2251 493 2339 conclusiones,
517 2254 570 2323 sed
593 2253 684 2321 etiam
712 2261 862 2342 quantum
884 2252 922 2321 ad
945 2250 1044 2340 prima
1068 2249 1226 2337 principia,

104 2349 173 2420 ideo
195 2351 285 2421 habet
307 2352 456 2423 rationem
480 2354 664 2446 perfectioris
688 2356 819 2445 virtutis,
840 2376 933 2446 quam
949 2351 1072 2422 scientia
1089 2350 1101 2388 ²
1121 2374 1151 2417 r.
1169 2348 1226 2417 So·

104 2452 147 2523 let
168 2452 261 2523 etiam
295 2456 446 2546 mpientia
468 2456 568 2528 latiori
590 2479 681 2530 sensu
712 2457 840 2548 intelligi
864 2454 1069 2547 proquodam
1094 2452 1226 2523 intellec·

106 2553 183 2622 tuali
205 2554 384 2626 rectitudine
406 2561 444 2628 ad
468 2560 546 2631 bene
569 2561 763 2631 iudicandum
786 2564 824 2632 de
846 2559 992 2630 omnibus
1019 2558 1130 2642 rebus,
1153 2574 1227 2623 eon·

105 2676 239 2746 surgens
259 2679 296 2728 ex
319 2661 448 2748 perlecta
481 2662 678 2733 scientiarum
708 2661 851 2732 omnium
879 2660 1119 2750 complexione:
1146 2657 1228 2725 unde

105 2757 215 2849 aliquis
237 2759 424 2852 simpliciter,
448 2773 479 2832 et
502 2764 639 2834 absolute
660 2766 784 2855 sopierat
804 2762 1031 2835 denominatur.
1056 2759 1229 2849 Aliquando

108 2870 214 2930 tamen
235 2864 404 2954 saptentiae
436 2865 560 2937 nomine
583 2866 767 2956 intelligitur
789 2866 885 2935 virtus
908 2863 1119 2934 intelloelualis
1140 2861 1173 2929 in
1195 2882 1229 2929 a·

106 2961 194 3053 liquo
216 2973 336 3033 tantum
360 2986 482 3057 genere
512 2989 575 3056 qno
599 2990 691 3040 sensu
714 2969 853 3060 quisquis
875 2967 908 3035 in
931 2988 986 3036 sun
1015 2975 1079 3035 arte
1101 2964 1227 3056 peritus,

106 3065 161 3155 qui
186 3087 291 3138 causas
312 3076 344 3136 et
367 3066 512 3160 principia
537 3093 639 3141 rerum
663 3072 799 3143 eiusdem
819 3070 893 3140 artis
914 3070 1038 3139 reddere
1055 3076 1164 3157 polest,
1178 3086 1228 3133 sn·

104 3166 195 3259 piens
215 3169 391 3257 appellatur:
418 3171 460 3239 ita
482 3175 617 3243 solemus
639 3173 739 3243 dicere
760 3174 928 3262 sapientem
949 3169 1165 3256 natitantem,
1181 3188 1230 3236 sc·

106 3268 244 3361 pietatem
266 3271 417 3340 medicam
440 3281 499 3343 ete.

156 3368 196 3441 ll.
222 3368 672 3445 Screnrra-lnrrnernenrm
701 3375 726 3445 ³.

157 3472 208 3543 lll.
235 3471 695 3548 Secuaommn-rmmmon
718 3478 744 3543 ⁴.

156 3575 206 3644 lV.
232 3574 405 3648 Senunnun
429 3578 624 3659 sa-Quonn
649 3599 719 3651 nes.
748 3579 778 3648 1·
800 3577 954 3660 Quaedam
982 3596 1031 3646 res
1052 3574 1164 3645 dieitur
1186 3595 1230 3642 ne-

148 3778 172 3848 t)
195 3778 350 3838 escientia
374 3792 418 3839 est
436 3782 546 3840 stabilis
565 3783 786 3856 comprehensio
816 3799 869 3855 per
897 3797 982 3843 verer
1002 3795 1039 3837 ne
1054 3779 1173 3839 stabiles
1192 3794 1238 3836 ra·

112 3864 208 3922 tiones
225 3865 371 3922 deducens
389 3868 425 3923 ad
445 3882 553 3926 causae
570 3871 766 3945 cognitionem
786 3886 814 3944 ις
831 3870 922 3928 clam.
944 3867 1037 3937 Alex,
1053 3864 1240 3936 Seram-,lla

111 3947 546 4023 stmmmpmw.
1183 3976 1186 3981 ·

146 4032 173 4103 ²)
194 4028 222 4086 l·
240 4031 298 4106 2¹0,
317 4052 345 4107 q.
366 4037 447 4110 Lvll,
467 4056 495 4095 a.
514 4039 533 4096 2
551 4054 577 4098 e.
601 4038 771 4112 «Sapientia
795 4037 920 4109 partinet
937 4037 973 4094 ad
994 4035 1172 4101 intellectam
1187 4049 1242 4091 aa·

113 4125 265 4179 errorum
281 4139 307 4192 η
320 4139 344 4181 s.
356 4124 447 4200 Aug,
461 4128 504 4185 De
517 4129 579 4186 dia.
594 4137 706 4200 pernen.
720 4128 763 4185 nd
776 4126 976 4199 Simplicium,
990 4126 1039 4182 lib.
1055 4122 1129 4196 ll,q.
1139 4120 1171 4193 ².
1181 4120 1245 4187 ¹13·

149 4200 174 4274 ι)
193 4203 254 4263 vid.
275 4207 719 4287 Intellu'pere·llnttorioort,p.
741 4208 1011 4287 172.-⁴lvld.p.
1032 4205 1097 4295 253
1178 4285 1183 4295 1

1064 4303 1082 4338 0
