2760 4770
157 368 355 438 Sacramenta
371 363 583 443 Eucharistiae
600 375 725 435 urancnt
738 372 809 451 post
823 361 1104 449 Consecrationem,
1121 379 1202 447 esse,
1231 359 1285 428 sic-

161 480 197 536 ut
220 471 249 539 in
273 469 432 556 subiecto,
469 469 501 536 in
524 488 591 536 aere
624 464 841 535 circumstante
866 464 888 532 ¹.
922 465 990 533 Non
1014 464 1085 532 item
1121 464 1278 551 effectiva

158 591 229 638 nam
252 572 332 640 actio
354 570 515 640 accidentis
539 579 637 661 potest
660 570 771 638 versari
810 569 890 636 ultra
914 589 1005 636 suum
1028 565 1227 661 subiectum3
1249 586 1277 632 ε.

157 690 217 758 εκ,
241 674 326 741 calor
348 671 428 762 ignis
450 674 531 741 ultra
553 692 645 741 suum
670 668 862 755 subiectum,
892 668 961 738 licet
984 668 1151 738 oecundum
1176 665 1278 736 condi-

160 770 276 842 tionem
299 775 376 862 cius,
401 774 477 864 agit,
500 796 572 842 cum
595 774 729 844 calefacit
751 793 874 861 aquam.

204 875 269 946 XV.
295 881 457 948 lecturas
480 897 544 948 non
568 896 690 947 utoutr
708 896 748 943 ua
766 895 922 945 snotacro
948 883 981 943 tn
1006 892 1200 943 suotrmruu.
1218 873 1284 940 Ser-

160 995 216 1049 mo,
236 978 285 1046 laic
307 989 354 1048 εει
376 999 440 1047 non
462 978 499 1047 da
521 978 672 1047 accidente
695 979 800 1045 eodem
825 976 943 1066 specio,
981 976 1061 1045 istud
1084 974 1168 1043 enim
1195 975 1284 1044 morlo

160 1077 191 1144 in
215 1099 291 1165 unu,
317 1079 409 1148 modo
428 1079 464 1148 in
486 1079 545 1147 alio
567 1100 631 1149 esse
655 1089 764 1169 potest,
790 1082 842 1148 sed
864 1080 903 1147 dc
924 1076 1077 1146 accidente
1099 1077 1208 1145 eodem
1230 1097 1286 1143 nu·

158 1200 264 1267 mero,
288 1182 458 1251 nonenim
480 1179 554 1250 haec
583 1180 721 1249 albitudo
755 1180 864 1248 transit
886 1181 923 1248 dc
957 1178 1068 1271 pariete
1091 1177 1122 1245 in
1147 1179 1286 1266 pallium.

122 1313 125 1319 ·
162 1279 252 1349 Ratio
275 1293 333 1370 est,
358 1283 429 1372 quin
453 1283 592 1353 accidens
620 1304 785 1353 numerum
809 1305 826 1352 a
850 1283 987 1354 subiecto
1003 1281 1120 1370 accipit;
1138 1303 1174 1350 ac
1191 1282 1289 1371 proia-

157 1381 195 1449 dc
217 1383 282 1452 fieri
306 1406 370 1454 non
393 1395 502 1474 potest,
527 1398 563 1455 ut
585 1379 667 1456 idem
690 1408 820 1456 numero
843 1407 969 1456 manens
994 1386 1033 1454 sit
1049 1383 1237 1473 quandoque
1257 1383 1287 1452 in

161 1483 230 1571 lroc,
254 1487 438 1576 quandoque
460 1488 493 1557 in
516 1490 569 1558 illo
592 1490 739 1559 subiecto.
756 1489 914 1576 Quocirca,
930 1490 1094 1563 annotante
1108 1507 1138 1554 s.
1158 1485 1286 1572 Thoma,

160 1606 232 1653 cum
255 1586 287 1655 in
311 1587 476 1680 Scriptnris
499 1591 595 1680 gratia
618 1590 656 1660 de
678 1591 814 1660 subiecto
837 1591 869 1659 in
893 1589 1062 1660 subiectum
1087 1588 1222 1657 transire
1243 1587 1285 1654 ‹li-

161 1687 251 1778 citur,
278 1713 294 1756 c
320 1694 387 1760 talis
409 1704 495 1764 actus
529 1693 672 1783 loquendi
697 1695 881 1784 intelligitur
910 1705 1034 1786 propter
1055 1693 1287 1763 similitudinem

161 1794 276 1880 gratiae
297 1794 336 1863 ad
359 1793 472 1865 similes
494 1807 581 1864 actus
603 1797 635 1864 in
660 1796 758 1884 specie
782 1795 794 1834 ²
824 1823 853 1868 n.

209 1893 274 1963 Hoc
297 1895 388 1965 eliato
410 1906 513 1965 autem
541 1897 717 1965 ⁴abutuntur
739 1897 781 1984 ii,
805 1897 857 1988 qui
887 1898 957 1967 inde
980 1897 1073 1967 rebus
1096 1895 1287 1966 naturalibus

164 1992 309 2065 uirtutem
333 1997 442 2086 agendi
466 1998 626 2088 denegant,
651 2000 735 2088 quasi
760 2021 811 2088 pcr
833 2022 938 2070 earum
962 1999 1113 2069 actionem
1132 2000 1217 2068 idem
1233 2000 1303 2064 nu·'

164 2117 249 2164 mero
272 2098 411 2167 accidens
434 2099 472 2167 dc
494 2099 630 2168 subiecto
646 2101 678 2168 in
695 2100 867 2169 subiectum
882 2102 1040 2189 migraret.
1058 2100 1098 2167 Αι
1113 2120 1208 2168 varon
1227 2120 1285 2167 non

164 2194 224 2265 hoc
247 2199 339 2266 modo
362 2198 475 2268 dicitur
497 2220 608 2288 corpus
623 2201 755 2270 calidum
770 2202 943 2289 calefacere,
959 2203 1040 2290 quod
1057 2201 1138 2270 idem
1157 2221 1285 2270 numero

162 2299 257 2386 calor,
281 2299 335 2389 qui
356 2311 402 2370 est
426 2301 457 2368 in
480 2302 670 2370 calefaciente
698 2323 837 2391 corpore,
864 2313 994 2372 nauseat
1016 2303 1051 2370 ad
1075 2322 1190 2391 corpus
1213 2306 1286 2372 cale-

161 2401 294 2486 lactum;
319 2404 370 2472 sed
392 2403 462 2494 quia
488 2403 596 2473 virtute
618 2404 739 2492 caloris,
764 2403 817 2492 qui
840 2416 886 2472 cst
908 2405 937 2471 in
961 2403 1152 2474 calefaciente
1174 2425 1283 2493 corpo-

162 2523 207 2589 ro,
231 2503 317 2575 alius·
333 2506 415 2573 calor
437 2524 568 2576 numero
592 2506 627 2573 lit
649 2517 720 2575 actu
743 2505 776 2574 in
798 2525 925 2594 corpore
947 2505 1102 2594 calefacto,
1128 2506 1182 2595 qui
1201 2506 1283 2597 prius

160 2616 226 2684 erat
249 2607 282 2674 in
303 2625 341 2675 eo
364 2605 396 2675 in
419 2607 552 2696 potentia
576 2606 587 2646 ³
616 2630 646 2676 a.

200 2704 278 2773 Xlll.
306 2707 468 2778 Accianus
503 2729 569 2778 nou
593 2728 715 2778 aorasn
738 2729 922 2778 corruatur
958 2728 1066 2779 astent
1092 2730 1134 2779 nr
1158 2731 1276 2782 ansus.

159 2805 275 2895 Nempe
296 2818 437 2900 respectu
460 2809 508 2881 sui
532 2809 670 2881 subiecti.
697 2811 735 2878 E.
761 2813 923 2900 g.‚.color.
940 2832 1004 2879 aon
1027 2819 1073 2880 εει
1090 2832 1192 2900 genus
1216 2835 1285 2881 cor«

159 2908 252 2997 poris.
278 2911 381 2982 Potest
403 2931 474 2982 vero
497 2924 633 3002 respectu
661 2935 789 2983 suornm
814 2912 1005 2994 inferiorum
1030 2911 1073 2981 sic
1096 2912 1179 2981 enim
1198 2916 1282 2983 color

156 3023 202 3081 cst
224 3035 323 3103 genus
345 3024 479 3104 respectu
501 3015 561 3083 albi
591 3025 621 3084 ει
643 3014 736 3104 nigri.
762 3015 802 3083 Ει
816 3016 963 3104 quoniam
980 3036 1078 3105 genus
1095 3015 1133 3082 de
1149 3015 1215 3084 suis
1232 3016 1275 3083 in·

158 3114 317 3185 serioribns
339 3116 457 3206 aequali
488 3118 605 3188 ratione
633 3118 847 3209 praedicatur,
872 3118 939 3186 ideo
961 3116 1126 3186 accidentia
1154 3117 1194 3185 tle
1217 3117 1279 3186 suis

156 3215 350 3287 inferioribus
372 3237 437 3289 non
458 3217 604 3288 dicuntur
627 3218 788 3309 praedicari
813 3219 982 3288 secundum
999 3221 1097 3310 magis
1113 3229 1145 3288 ct
1160 3219 1275 3304 minus,

157 3318 208 3388 set
232 3319 290 3388 hoc
312 3320 405 3389 modo
427 3322 465 3390 dc
487 3320 550 3391 suis
573 3322 718 3391 subiectis
733 3332 850 3391 tantum
870 3321 1031 3410 praedicari
1048 3331 1189 3412 possunt,
1206 3346 1279 3411 apua-

153 3430 244 3491 tcnns
266 3423 339 3492 haec
362 3420 458 3511 iringis
483 3423 528 3489 vel
553 3422 656 3492 minus
680 3423 765 3491 illam
790 3424 919 3492 sormam
937 3423 1113 3512 participare
1137 3432 1276 3512 possunt.

200 3521 294 3592 Xllll.
319 3523 484 3595 Accianus
508 3545 573 3595 uon
598 3543 721 3595 aurosa
744 3544 964 3594 coannnrnan
988 3546 1181 3596 sunmeruu.
1202 3524 1276 3595 ldast

152 3626 326 3715 efficientem
344 3647 415 3696 narn
432 3627 606 3696 subiectum
621 3616 842 3715 corrumpitur,
850 3648 921 3694 cum
939 3638 1176 3715 transmutatur,
1195 3649 1277 3697 nean

152 3747 189 3814 pe
211 3748 282 3795 cum
307 3727 457 3819 propriam
481 3731 611 3823 sormam
636 3728 866 3800 substantialem
888 3728 1011 3817 amittit,
1028 3751 1203 3819 novamque
1224 3729 1272 3798 ad·

154 3830 262 3919 quirin
288 3833 476 3922 impossibile
499 3845 600 3902 autom
625 3845 670 3902 εει
693 3832 831 3904 accidens
855 3842 1058 3903 transmutare
1092 3833 1274 3918 subiectum,

193 4098 216 4168 ¹)
235 4097 264 4171 3,
284 4117 311 4170 q.
331 4099 464 4171 nxxvn,
481 4114 509 4156 tt.
531 4098 559 4158 5.

194 4189 217 4253 ²>
236 4186 265 4241 ln
286 4185 335 4241 lib.
356 4185 378 4241 ll
398 4185 491 4258 Scan,
512 4186 581 4244 nist.
602 4185 704 4257 XXVl,
722 4203 750 4260 q.
774 4184 799 4261 l,
818 4202 846 4245 tt.
865 4184 884 4244 2
903 4183 939 4242 tttl
960 4183 987 4243 1.

196 4272 218 4346 ³)
240 4273 338 4334 contr.
359 4273 454 4347 Gens,
474 4272 523 4336 lib.
543 4273 615 4348 lll,c.
636 4271 686 4330 69..
