2760 4770
537 185 587 298 0-
610 247 633 314 Α
659 285 702 297 -
1091 248 1132 317 al

62 368 110 428 εει
133 379 194 447 ars,
219 360 309 432 ouius
332 361 468 451 operatio
491 361 691 451 consequitur
715 370 867 446 naturam,
892 373 922 431 et
945 368 1021 456 opus
1039 363 1124 432 istius
1139 385 1186 430 ar-

61 462 103 530 tis
125 461 169 533 sio
191 472 238 532 est
260 463 427 554 artificiale,
451 466 535 554 quod
559 485 622 534 non
644 474 690 535 εει
713 467 851 534 naturale
876 487 906 549 n;
923 487 951 535 e.
968 471 1016 556 ς,
1033 463 1123 534 tone
1137 466 1188 554 pt·

57 572 137 635 vcors:
167 586 181 630 r
207 565 362 646 Quaedam
385 576 431 637 est
453 589 525 656 ars,
549 588 627 657 quae
650 578 696 636 εει
719 554 1130 658 ιυηειειῐιεηιιιιεηειειεε,
1155 582 1186 638 ει

61 687 141 755 opus
165 668 248 739 illius
269 670 342 740 artis
366 671 442 740 bene
464 679 510 740 εει
532 671 681 759 naturale,
706 671 778 760 quia
802 670 929 741 fabricat
944 671 1044 764 ipsum
1064 682 1185 760 natura,

62 768 135 838 tulis
157 781 203 840 est
225 793 285 862 ars,
309 773 398 844 ouius
422 795 499 864 opus
522 786 568 844 est
591 774 721 843 εεεειέι
749 799 778 845 n.

58 924 65 931 ,
109 870 188 939 XLl.
213 877 647 948 Assensus-Consnusus.
664 876 812 945 detonsus
834 887 879 946 εει
903 888 989 947 aetus
1006 877 1185 972 intellectus,

61 971 116 1061 qui
140 974 282 1047 adhaeret
305 979 395 1049 alicui
418 979 536 1049 veritati
558 979 605 1048 vel
629 989 753 1068 propter
782 978 964 1049 evidentiam
994 981 1057 1050 sire
1078 981 1187 1052 imme.-

62 1073 190 1165 dlntam,
215 1078 278 1149 siro
300 1082 485 1170 mediatam,
509 1084 557 1151 vel
579 1081 651 1172 quia
672 1082 709 1149 ad
734 1081 762 1149 id
786 1103 803 1150 a
827 1083 982 1152 voluntate
1005 1084 1188 1152 determina·
1257 1106 1259 1110 ⁴
1320 1135 1325 1142 ,

63 1189 126 1264 tur,
150 1183 409 1268 quemadmodum
432 1182 533 1254 erenit
556 1182 588 1252 in
612 1181 729 1252 autibus
753 1181 822 1251 lidei
840 1181 864 1249 ².
887 1183 1064 1275 ¹Contentus
1085 1197 1132 1255 est
1153 1207 1186 1253 n-

63 1291 132 1347 otus
156 1285 331 1372 voluntatis,
355 1309 433 1375 quae
455 1287 553 1357 tendit
569 1287 608 1355 in
632 1285 683 1373 id,
708 1285 790 1373 quod
820 1284 879 1352 iam
902 1287 941 1354 ab
964 1286 1117 1366 intellectu
1141 1289 1188 1355 iu-

63 1381 197 1453 dicatum
222 1396 279 1455 εει.
308 1411 322 1450 r
341 1389 525 1475 Consensus⁹
551 1386 651 1476 inquit
670 1407 697 1456 ε.
714 1385 934 1476 Bonarentura‚
952 1406 1015 1456 non
1031 1398 1077 1457 εει
1092 1387 1186 1475 aliud,

67 1508 160 1575 quam
184 1490 344 1558 eoncordia
367 1491 533 1560 voluntatis
555 1491 661 1578 simul,
685 1500 717 1559 et
739 1490 867 1560 rationis
891 1490 928 1558 ad
951 1511 1048 1559 unum
1073 1490 1187 1580 aliquid

62 1587 235 1659 laciendum
256 1614 265 1673 ;
291 1592 384 1664 unius
407 1605 442 1662 ut
464 1591 664 1682 arbitrantis,
687 1603 719 1661 ει
741 1592 912 1681 iudicantis,
936 1591 1063 1675 alterius
1086 1602 1189 1662 aulem

62 1702 99 1759 ut
122 1697 324 1784 praeoptantis
341 1698 386 1769 ³».

107 1794 200 1863 xlll.
228 1797 932 1871 tssorum-Ninnium÷u1srmnnvn
956 1798 1111 1868 Assertioe
1132 1797 1188 1868 ali-

63 1896 138 1985 quid
162 1899 283 1989 dicitur,
308 1902 391 1989 quod
414 1901 454 1969 ita
483 1921 515 1969 εε
538 1901 648 1970 uetere
670 1899 866 1967 affirmatur:
894 1900 1083 1987 numeriae,
1107 1902 1189 1990 quod

61 1999 110 2071 uti
134 2000 173 2068 ab
196 2001 261 2070 aliis
283 2016 434 2074 assertum
462 2002 615 2071 recitatur:
643 2003 857 2090 disputative,
880 2002 962 2089 quod
987 2001 1119 2071 veritatis
1143 2004 1189 2071 in·

62 2100 229 2190 quirendae
250 2125 339 2174 eausa
366 2103 593 2194 pronuntiatur.
621 2103 658 2170 E.
685 2127 731 2192 g„
755 2104 900 2170 assertive
927 2102 1060 2192 Soribae,
1084 2112 1115 2171 et
1137 2104 1190 2172 Se·

62 2203 167 2271 niores
189 2205 226 2272 de
243 2206 364 2276 Christo
384 2207 534 2281 dicebaut:
548 2229 619 2275 retu
641 2213 683 2274 est
706 2207 828 2288 intortas·
844 2207 1001 2299 rrurrolioe
1013 2206 1072 2274 hoe
1087 2204 1187 2296 ipsum

61 2303 195 2387 refertur
216 2308 255 2375 ab
278 2308 491 2399 Evangelistu:
515 2310 712 2400 ‘disputative
738 2331 765 2378 s.
791 2309 924 2378 Thomas
946 2307 1043 2398 dicit,
1068 2311 1189 2379 atteror

61 2407 144 2495 qued
167 2429 228 2476 nort
249 2412 288 2478 sit
311 2413 405 2481 lleus.
611 2488 617 2495 ,
665 2496 671 2500 ,

108 2509 215 2581 XLlll.
240 2514 452 2585 llrrnraurun
476 2534 632 2585 surnnrus
649 2552 693 2564 -
709 2513 872 2585 lnnnnrus.
905 2513 982 2582 lllud
1005 2511 1187 2581 attributum

62 2611 178 2703 dieitur
200 2618 340 2704 superius
362 2617 434 2703 ulio,
459 2617 540 2706 quod
564 2616 616 2684 illo
633 2616 833 2685 universalius
848 2627 904 2704 εει,
921 2637 974 2685 seu
993 2615 1075 2704 quod
1092 2616 1187 2685 maio·

64 2738 129 2784 rem
154 2715 316 2805 ambitum,
340 2718 417 2788 idest
439 2716 646 2789 extensionem
671 2717 770 2786 habet.
795 2717 833 2786 E.
858 2739 904 2806 g.,
920 2715 1105 2786 attributum
1122 2740 1188 2787 eor-

64 2826 151 2912 poris
172 2823 284 2894 dicitur
305 2827 447 2916 seperius
468 2824 616 2894 attributo
643 2818 872 2911 viventiu'quia
889 2832 961 2892 sunt
975 2823 1066 2911 longe
1088 2823 1185 2910 plura,

63 2927 181 3018 quibus
203 2929 348 3017 competit
371 2930 448 2998 ratio
474 2925 633 3018 corporis,
664 2946 756 3015 quam
780 2925 919 3013 ea'sint,
943 2945 1022 3013 quae
1044 2925 1103 2992 rita
1134 2925 1187 2992 do·

64 3040 193 3098 uantur.

110 3131 217 3200 XLlV.
244 3130 598 3202 dunno—dunnonn.
629 3127 682 3196 llis
710 3129 837 3199 vocibus
859 3127 1007 3218 Theologi
1041 3136 1186 3197 utuntur.

63 3233 170 3304 dureo
192 3245 239 3302 est
262 3233 430 3323 praemium
468 3232 627 3303 essentiale
653 3231 799 3318 hominis,
832 3231 1084 3318 sivebeutiludo,
1109 3251 1187 3320 quae

65 3333 207 3404 consistit
229 3334 261 3405 in
284 3357 321 3406 eo
343 3337 425 3425 quod
450 3336 511 3424 ipse
523 3337 652 3425 perfecte
669 3335 730 3402 Deo
755 3333 879 3402 fruitur.
899 3331 1042 3418 Aureolo,
1060 3356 1114 3403 seu
1137 3355 1188 3401 co-

65 3458 153 3525 rona,
177 3446 224 3507 εει
240 3438 395 3527 quoddam
419 3437 589 3527 praemium
604 3434 799 3523 accidentale,
817 3435 899 3524 quod
916 3433 1068 3503 essentiali
1084 3455 1189 3522 super-

66 3539 201 3625 additur,
226 3540 267 3607 ob
289 3540 494 3630 singularium
518 3540 666 3607 virtutum
690 3536 818 3608 eximios
847 3549 945 3605 aetus.
982 3535 1058 3603 llius
1080 3534 1187 3604 delmi·

66 3641 182 3712 tionem
209 3643 298 3711 tradit
320 3662 346 3711 ε.
372 3642 505 3710 Thomas
528 3641 565 3708 iis
589 3638 703 3709 rerbis:
734 3662 748 3704 e
768 3637 995 3728 privilegiatum
1019 3640 1189 3726 praemium

63 3742 270 3836 privilegiatae
293 3741 398 3813 virtuti
428 3743 643 3834 respondens⁴
670 3766 684 3809 n
706 3763 715 3826 ;
740 3741 771 3810 id
793 3750 839 3810 est
861 3739 1010 3830 gaudium
1032 3740 1187 3827 quoddam

102 4021 127 4090 ἰ
147 4020 177 4076 lu
196 4018 245 4074 lib.
267 4016 288 4071 ll
310 4015 402 4084 Seue,
423 4011 493 4069 Dist.
515 4010 589 4082 xvl,
607 4010 675 4065 dub.
696 4007 724 4063 d.
1072 4038 1074 4041 .

102 4110 129 4175 ²)
148 4104 213 4159 vid.
232 4119 256 4160 s.
276 4103 392 4170 Thom,
413 4101 464 4172 Qq.
485 4099 597 4169 dispo„
616 4098 652 4153 de
675 4098 758 4161 Van,
779 4110 806 4163 q.
828 4092 901 4163 xlv,
920 4107 947 4146 a.
971 4089 983 4146 1
1006 4108 1034 4151 o.

104 4192 128 4260 ³)
149 4190 180 4244 ln
199 4188 250 4245 ltu.
270 4188 293 4243 tl
312 4186 406 4258 Sene,
426 4187 494 4242 ltlst.
517 4183 668 4254 XXlelt,
687 4190 743 4236 arr.
764 4179 799 4247 n,
819 4198 846 4252 q.
866 4179 884 4236 2
903 4179 991 4239 reret.

100 4278 125 4351 ⁴)
147 4273 179 4332 ln
192 4273 248 4333 lib.
269 4274 301 4333 lll
323 4276 418 4348 Serto,
437 4271 506 4330 llist.
527 4269 624 4346 xllx,
644 4284 671 4344 q.
692 4266 728 4341 V,
748 4281 775 4324 a.
789 4265 819 4336 5,
