2760 4770
126 375 208 464 bitu,
232 384 263 445 et
286 371 495 463 affirmatione}
516 383 546 444 et
569 372 731 465 negatione
747 374 760 414 ¹
775 399 804 442 i.
830 373 864 442 ld
889 371 1017 460 directe,
1042 374 1088 444 rel
1111 378 1257 447 ostensive

123 478 243 569 aliquid
266 481 505 564 demonstratur,
529 495 600 544 cum
623 496 660 544 ex
684 475 882 564 connexione,
900 497 993 566 quam
1010 499 1081 546 oum
1098 479 1158 549 atio
1182 499 1255 548 reru

125 581 232 666 babet,
256 580 428 650 deducitur.
455 578 617 664 indirecte,
639 598 711 646 oum
735 576 849 666 aliquid
871 599 907 647 ex
928 601 966 648 eo
988 579 1147 666 evincitur,
1171 582 1255 668 quod

127 684 322 752 contrarium
344 680 465 752 admitti
488 680 606 768 nequit,
629 680 707 768 quin
735 680 850 769 aliquid
873 682 1051 768 absurdum,
1068 684 1117 752 vel
1140 682 1256 772 impos-

130 784 216 854 sibiie
242 786 311 855 inde
333 794 490 874 sequatur.
517 783 598 852 Haec
617 783 708 851 altem
732 784 955 853 demonstratio
968 783 1111 875 appellari
1128 786 1204 852 salet
1219 805 1256 852 u·

123 889 286 976 paeonico,
310 886 374 958 sire
392 906 452 977 per
473 885 653 954 eberardum.
685 883 719 954 5⁰
742 885 873 971 directe,
899 886 947 954 rel
969 886 1114 957 indirecte
1129 886 1255 978 syllogi-

126 988 187 1056 smi
211 988 440 1078 imper-fection
465 987 612 1076 periectos
641 985 744 1055 reduci
769 997 898 1074 possunt
910 986 936 1057 ².

173 1089 254 1159 Xiii.
279 1088 641 1161 Diruere-Rumam.
666 1088 798 1176 Ibrecte,
820 1107 873 1156 seu
896 1095 966 1158 cetu
981 1089 1104 1177 directo,
1121 1091 1167 1158 rei
1183 1099 1254 1164 ecto

125 1193 261 1260 exercite
281 1191 426 1260 affirmari
450 1189 562 1259 dicitur
576 1190 619 1276 id,
636 1190 717 1279 quod
741 1190 778 1258 de
800 1210 845 1276 re,
869 1190 914 1257 uti
936 1203 982 1258 εει
1003 1213 1024 1260 u
1046 1200 1135 1280 porte
1152 1193 1252 1282 ipsius

122 1292 183 1380 rei,
208 1292 391 1376 affirmatum
416 1300 463 1378 ut,
488 1292 582 1359 homo
611 1302 656 1358 εει
680 1289 872 1359 beatitudinis
895 1312 1013 1381 capax..
1029 1293 1174 1383 delicere,
1198 1317 1252 1365 seu

121 1403 199 1466 actu
218 1396 344 1484 cellano,
369 1396 415 1464 rel
437 1400 509 1464 ectu
537 1396 666 1485 signato,
695 1393 735 1479 id,
759 1395 842 1482 quod
865 1393 902 1463 de
926 1415 981 1482 re,
1005 1405 1096 1484 prout
1119 1418 1136 1464 a
1160 1398 1251 1466 nobis

121 1503 270 1589 concema
292 1511 349 1587 est,
371 1498 554 1581 affirmatur:
579 1517 609 1567 r.
625 1518 679 1585 g,
700 1496 813 1584 bomo,
838 1507 873 1564 ut
894 1498 1081 1568 abstrahitur
1103 1520 1120 1566 a
1143 1498 1252 1588 singu-

121 1603 251 1692 laribus,
275 1612 321 1672 est
343 1601 467 1695 species
500 1601 593 1690 item,
619 1602 729 1670 directe
750 1600 850 1690 aliqua
879 1622 927 1673 res
948 1605 1155 1692 cognoscitur,
1180 1626 1253 1673 cum

120 1703 206 1774 circa
228 1703 325 1792 ipsam
348 1712 419 1774 rem·
437 1715 541 1776 nostra
569 1703 707 1793 cognitio
731 1715 879 1787 versatum
903 1705 1015 1792 celiane
1037 1716 1153 1794 autem,
1178 1728 1251 1776 curn

120 1805 262 1896 cognitio
284 1827 376 1896 supra
399 1805 496 1897 ipsam
519 1805 563 1875 rei
586 1804 794 1895 cognitionem
817 1804 901 1895 prius
923 1807 1058 1876 habitam
1074 1819 1246 1881 exercetur.

121 1909 169 1978 lta
192 1910 303 1978 directe
324 1931 362 1978 cx
384 1909 702 1998 discursueoguosoo
729 1930 830 1979 aerem
852 1931 918 1980 esse
941 1932 1083 1999 graram;
1107 1913 1248 2002 cedere,
1372 1937 1375 1942 ·

120 2010 149 2081 si
174 2031 225 2081 me
247 2012 285 2080 ad
307 2010 484 2080 huiusmodi
511 2009 719 2101 cognitionem
741 2021 934 2101 convertens,
949 2013 1059 2103 dicam,
1078 2037 1185 2085 rerum
1200 2029 1248 2086 εει

120 2135 226 2184 aerem
247 2135 312 2186 esse
334 2135 470 2203 gravem.
687 2175 688 2178 ,
1053 2126 1060 2137 ·

169 2215 250 2284 XIV.
276 2216 522 2289 brsrosrrromrs
551 2236 1039 2298 euterun—eoncomraurus.
1073 2221 1252 2309 fflspoott'o·

121 2338 180 2388 ates
198 2321 346 2411 praeciae
379 2330 452 2390 sunt
474 2342 550 2409 rruae
585 2333 764 2411 praeparant
797 2323 956 2392 materiam
978 2327 1015 2394 ad
1046 2325 1251 2416 recipiendam
1280 2340 1282 2347 '

89 2429 96 2440 “
121 2424 270 2507 sormam3
294 2443 324 2492 ε.
349 2444 395 2512 g,
419 2435 581 2513 antequam
611 2425 662 2492 bat
687 2422 767 2512 ignis
790 2446 828 2493 ex
857 2424 968 2513 tigno,
992 2426 1142 2514 praecedit
1164 2430 1251 2496 calor

121 2525 290 2616 disponens
312 2527 433 2615 lignum
456 2528 493 2609 ad
517 2526 647 2596 sormam
671 2525 762 2615 ignis.
799 2527 848 2597 Ex
883 2527 918 2594 iis
947 2528 1055 2597 ultima
1079 2531 1249 2596 necessario

120 2647 197 2695 cum
213 2626 275 2716 ipsa
291 2626 389 2699 forma
411 2626 615 2710 connectitur;
633 2647 749 2716 exque
772 2628 856 2714 fit,ut
871 2651 886 2693 r
904 2628 1042 2698 eiusdem
1057 2627 1098 2699 sit
1115 2631 1250 2700 sormam

122 2728 262 2819 aliquam
283 2728 437 2818 inducere,
462 2740 493 2797 et
516 2728 674 2799 materiam
703 2730 741 2799 de
765 2731 905 2818 proximo
928 2752 1106 2820 praeparare
1127 2733 1165 2800 ad
1188 2735 1250 2803 ior-

122 2851 207 2898 mam
224 2830 235 2870 ⁸
255 2856 286 2898 a.
310 2831 395 2901 Hunc
417 2832 458 2901 ob
481 2830 633 2900 rationem
664 2829 777 2899 iniusio
805 2831 924 2900 animae
947 2833 1104 2902 rationalis
1127 2834 1159 2903 in
1182 2855 1250 2904 cor·

119 2953 197 3022 pore
217 2944 264 3002 est
284 2934 513 3024 quodammodo
535 2955 552 3000 a
576 2943 764 3021 generante,
789 2942 942 3021 quotenus
964 2935 1003 3002 ab
1025 2956 1063 3004 eo
1078 2933 1250 3023 disponitur

121 3054 248 3126 corpus,
273 3046 309 3104 ut
323 3036 362 3103 ab
376 3035 476 3105 anima
498 3034 638 3104 rationali
659 3033 818 3103 informari
832 3035 934 3123 possit.
953 3036 1168 3126 Dispositiones
1181 3059 1251 3106 con·

121 3137 301 3206 comitantes
322 3147 395 3206 sunt
417 3157 494 3227 quae
516 3135 675 3205 materiam
695 3135 828 3204 reddunt
851 3145 953 3228 aptam
975 3138 1016 3223 ad
1043 3137 1114 3226 boc,
1132 3148 1166 3205 ut
1188 3143 1251 3210 sor·

121 3258 207 3307 mam
231 3237 368 3310 retineat.
394 3237 442 3308 Sic
465 3240 498 3307 in
520 3239 645 3308 bomine
677 3240 792 3308 tamdiu
814 3249 986 3326 perseverat
1007 3238 1110 3309 anima
1132 3240 1163 3309 in
1178 3262 1248 3311 cor-

122 3361 211 3431 pore,
236 3341 517 3432 quamdiu·corpus
537 3352 584 3410 εει
605 3341 788 3429 dispositam
812 3341 851 3409 ad
874 3339 1078 3431 recipiendam
1099 3340 1204 3425 iitam3
1221 3355 1253 3412 et

123 3463 198 3513 cum
222 3464 275 3535 per
297 3443 443 3513 morbum
469 3444 621 3512 tolluntur
642 3443 698 3510 bac
715 3439 928 3532 dispositiones
950 3461 969 3510 a
991 3445 1253 3532 corporesitum

126 3545 228 3615 anima
249 3545 289 3613 ab
311 3543 379 3635 ipso
401 3552 568 3633 separatur.

169 3646 237 3719 XV.
263 3645 728 3718 Disrruerro-Pcnrrrm-
750 3643 888 3714 brvrsm.
926 3643 1045 3729 birido
1067 3647 1186 3738 proprie
1205 3657 1255 3720 est

122 3749 249 3842 generis
272 3747 305 3819 in
328 3747 442 3841 species
465 3767 519 3836 per
540 3744 695 3835 oppositas
715 3743 900 3814 differentias
915 3743 1107 3837 distributio,
1125 3761 1172 3837 ut,
1188 3750 1254 3820 ani-

121 3852 257 3926 malium
279 3852 363 3926 aliud
385 3863 431 3924 εει
453 3849 621 3939 rationale,
645 3849 728 3919 atiud
752 3849 936 3922 irrationale.
957 3853 1090 3944 Proprie
1104 3855 1251 3950 diximus,

134 4055 137 4061 ’
159 4093 187 4165 ι)
207 4089 239 4148 tn
257 4089 310 4148 na.
331 4090 356 4148 u
374 4091 469 4163 sem,
489 4089 560 4148 orn.
581 4089 697 4161 xxxv,
715 4106 744 4162 q.
765 4088 787 4161 ι,
806 4103 835 4149 a.
856 4087 928 4148 aaa
948 4089 976 4148 1.

157 4177 185 4250 ²)
206 4175 271 4233 vid.
293 4177 453 4247 ostensive,
474 4177 528 4233 titt.
551 4177 584 4234 0.
650 4210 653 4218 ·

159 4262 187 4333 ³)
205 4262 238 4317 iu
258 4260 307 4320 tib.
329 4262 364 4321 iv
386 4263 483 4336 Sem„
502 4261 570 4320 utu.
592 4260 692 4336 xxtv,
711 4279 740 4336 q.
761 4261 797 4335 tt,
818 4277 846 4319 a.
868 4260 958 4322 3801.
