<?xml version="1.0" encoding="UTF-8"?>
<!DOCTYPE html PUBLIC "-//W3C//DTD XHTML 1.0 Transitional//EN"
    "http://www.w3.org/TR/xhtml1/DTD/xhtml1-transitional.dtd">
<html xmlns="http://www.w3.org/1999/xhtml" xml:lang="en" lang="en">
 <head>
  <title>
</title>
<meta http-equiv="Content-Type" content="text/html;charset=utf-8" />
  <meta name='ocr-system' content='tesseract 3.04.00' />
  <meta name='ocr-capabilities' content='ocr_page ocr_carea ocr_par ocr_line ocrx_word'/>
</head>
<body>
  <div class='ocr_page' id='page_1' title='image "./lexiconperipate00signgoog/lexiconperipate00signgoog_0287.png"; bbox 0 0 2760 4770; ppageno 0'>
   <div class='ocr_carea' id='block_1_1' title="bbox 211 286 1335 3966">
    <p class='ocr_par' dir='ltr' id='par_1_1' title="bbox 214 286 1335 1825">
     <span class='ocr_line' id='line_1_1' title="bbox 263 286 853 362; baseline -0.01 -1"><span class='ocrx_word' id='word_1_1' title='bbox 263 293 328 362; x_wconf 78' lang='lat' dir='ltr'>ata</span> <span class='ocrx_word' id='word_1_2' title='bbox 696 286 853 355; x_wconf 85' lang='lat' dir='ltr'>-P-</span> 
     </span>
     <span class='ocr_line' id='line_1_2' title="bbox 216 400 1335 493; baseline -0.004 -20"><span class='ocrx_word' id='word_1_3' title='bbox 216 418 261 474; x_wconf 82' lang='lat' dir='ltr'>est</span> <span class='ocrx_word' id='word_1_4' title='bbox 284 406 386 491; x_wconf 88' lang='lat' dir='ltr'>altior,</span> <span class='ocrx_word' id='word_1_5' title='bbox 414 402 508 473; x_wconf 82' lang='lat' dir='ltr'>tanto&#39;</span> <span class='ocrx_word' id='word_1_6' title='bbox 533 407 569 472; x_wconf 91' lang='lat' dir='ltr'>ad</span> <span class='ocrx_word' id='word_1_7' title='bbox 595 406 680 493; x_wconf 84' lang='lat' dir='ltr'>plora</span> <span class='ocrx_word' id='word_1_8' title='bbox 705 424 737 472; x_wconf 88' lang='lat' dir='ltr'>se</span> <span class='ocrx_word' id='word_1_9' title='bbox 759 401 902 484; x_wconf 82' lang='lat' dir='ltr'>extendit,</span> <span class='ocrx_word' id='word_1_10' title='bbox 928 400 1012 470; x_wconf 85' lang='lat' dir='ltr'>urade</span> <span class='ocrx_word' id='word_1_11' title='bbox 1039 402 1139 472; x_wconf 84' lang='lat' dir='ltr'>lrabet</span> <span class='ocrx_word' id='word_1_12' title='bbox 1165 400 1335 471; x_wconf 89' lang='lat' dir='ltr'>communio·</span> 
     </span>
     <span class='ocr_line' id='line_1_3' title="bbox 218 503 1335 595; baseline -0.004 -22"><span class='ocrx_word' id='word_1_13' title='bbox 218 529 280 575; x_wconf 90' lang='lat' dir='ltr'>ram</span> <span class='ocrx_word' id='word_1_14' title='bbox 305 507 453 575; x_wconf 89' lang='lat' dir='ltr'>rationem</span> <span class='ocrx_word' id='word_1_15' title='bbox 477 505 612 574; x_wconf 87' lang='lat' dir='ltr'>obiecti¹</span> <span class='ocrx_word' id='word_1_16' title='bbox 640 532 670 573; x_wconf 84' lang='lat' dir='ltr'>v.</span> <span class='ocrx_word' id='word_1_17' title='bbox 696 505 733 572; x_wconf 81' lang='lat' dir='ltr'>ll.</span> <span class='ocrx_word' id='word_1_18' title='bbox 764 526 811 595; x_wconf 65' lang='lat' dir='ltr'>g,</span> <span class='ocrx_word' id='word_1_19' title='bbox 828 524 935 574; x_wconf 85' lang='lat' dir='ltr'>sensus</span> <span class='ocrx_word' id='word_1_20' title='bbox 950 508 1138 574; x_wconf 79' lang='lat' dir='ltr'>mantuanis</span> <span class='ocrx_word' id='word_1_21' title='bbox 1157 503 1335 573; x_wconf 72' lang='lat' dir='ltr'>universalius</span> 
     </span>
     <span class='ocr_line' id='line_1_4' title="bbox 216 604 1334 694; baseline -0.007 -17"><span class='ocrx_word' id='word_1_22' title='bbox 216 610 305 681; x_wconf 73' lang='lat' dir='ltr'>holm</span> <span class='ocrx_word' id='word_1_23' title='bbox 328 610 508 694; x_wconf 84' lang='lat' dir='ltr'>obiectum,</span> <span class='ocrx_word' id='word_1_24' title='bbox 546 627 638 694; x_wconf 90' lang='lat' dir='ltr'>quant</span> <span class='ocrx_word' id='word_1_25' title='bbox 669 627 775 675; x_wconf 84' lang='lat' dir='ltr'>sensus</span> <span class='ocrx_word' id='word_1_26' title='bbox 798 604 987 688; x_wconf 77' lang='lat' dir='ltr'>exteriorcs;</span> <span class='ocrx_word' id='word_1_27' title='bbox 1015 607 1232 693; x_wconf 86' lang='lat' dir='ltr'>intellectus,</span> <span class='ocrx_word' id='word_1_28' title='bbox 1268 605 1334 693; x_wconf 81' lang='lat' dir='ltr'>quip</span> 
     </span>
     <span class='ocr_line' id='line_1_5' title="bbox 219 707 1334 802; baseline -0.005 -22"><span class='ocrx_word' id='word_1_29' title='bbox 219 735 254 800; x_wconf 93' lang='lat' dir='ltr'>pe</span> <span class='ocrx_word' id='word_1_30' title='bbox 276 713 328 802; x_wconf 89' lang='lat' dir='ltr'>qui</span> <span class='ocrx_word' id='word_1_31' title='bbox 359 713 541 801; x_wconf 70' lang='lat' dir='ltr'>perfectione</span> <span class='ocrx_word' id='word_1_32' title='bbox 577 710 695 780; x_wconf 76' lang='lat' dir='ltr'>excedit</span> <span class='ocrx_word' id='word_1_33' title='bbox 725 709 870 779; x_wconf 90' lang='lat' dir='ltr'>virtutem</span> <span class='ocrx_word' id='word_1_34' title='bbox 897 708 1171 798; x_wconf 71' lang='lat' dir='ltr'>imaginariam,</span> <span class='ocrx_word' id='word_1_35' title='bbox 1205 707 1334 777; x_wconf 84' lang='lat' dir='ltr'>universa·</span> 
     </span>
     <span class='ocr_line' id='line_1_6' title="bbox 218 808 1334 903; baseline -0.01 -19"><span class='ocrx_word' id='word_1_36' title='bbox 218 815 285 885; x_wconf 83' lang='lat' dir='ltr'>liori</span> <span class='ocrx_word' id='word_1_37' title='bbox 310 817 420 903; x_wconf 81' lang='lat' dir='ltr'>gaudet</span> <span class='ocrx_word' id='word_1_38' title='bbox 443 812 572 883; x_wconf 90' lang='lat' dir='ltr'>obiecto.</span> <span class='ocrx_word' id='word_1_39' title='bbox 600 811 660 878; x_wconf 88' lang='lat' dir='ltr'>larn</span> <span class='ocrx_word' id='word_1_40' title='bbox 685 811 837 880; x_wconf 87' lang='lat' dir='ltr'>obiectum</span> <span class='ocrx_word' id='word_1_41' title='bbox 859 809 1082 898; x_wconf 82' lang='lat' dir='ltr'>universalius,</span> <span class='ocrx_word' id='word_1_42' title='bbox 1099 812 1191 902; x_wconf 89' lang='lat' dir='ltr'>quod</span> <span class='ocrx_word' id='word_1_43' title='bbox 1211 808 1334 896; x_wconf 86' lang='lat' dir='ltr'>potentiae</span> 
     </span>
     <span class='ocr_line' id='line_1_7' title="bbox 218 909 1333 1006; baseline -0.006 -21"><span class='ocrx_word' id='word_1_44' title='bbox 218 917 386 1005; x_wconf 68' lang='lat' dir='ltr'>perfectiori</span> <span class='ocrx_word' id='word_1_45' title='bbox 410 915 580 1006; x_wconf 78' lang='lat' dir='ltr'>respondet,</span> <span class='ocrx_word' id='word_1_46' title='bbox 605 914 781 984; x_wconf 88' lang='lat' dir='ltr'>huiusmodi</span> <span class='ocrx_word' id='word_1_47' title='bbox 811 923 941 985; x_wconf 85' lang='lat' dir='ltr'>nonest</span> <span class='ocrx_word' id='word_1_48' title='bbox 965 914 1090 984; x_wconf 90' lang='lat' dir='ltr'>ratione</span> <span class='ocrx_word' id='word_1_49' title='bbox 1106 909 1333 1002; x_wconf 88' lang='lat' dir='ltr'>praedicationis,</span> 
     </span>
     <span class='ocr_line' id='line_1_8' title="bbox 215 1016 1333 1107; baseline -0.007 -20"><span class='ocrx_word' id='word_1_50' title='bbox 215 1022 265 1089; x_wconf 85' lang='lat' dir='ltr'>sed</span> <span class='ocrx_word' id='word_1_51' title='bbox 290 1020 404 1089; x_wconf 87' lang='lat' dir='ltr'>ratione</span> <span class='ocrx_word' id='word_1_52' title='bbox 426 1017 586 1088; x_wconf 91' lang='lat' dir='ltr'>eminentis</span> <span class='ocrx_word' id='word_1_53' title='bbox 608 1018 823 1105; x_wconf 81' lang='lat' dir='ltr'>continentiae,</span> <span class='ocrx_word' id='word_1_54' title='bbox 848 1028 878 1086; x_wconf 88' lang='lat' dir='ltr'>at</span> <span class='ocrx_word' id='word_1_55' title='bbox 898 1016 1089 1087; x_wconf 88' lang='lat' dir='ltr'>causalitatis</span> <span class='ocrx_word' id='word_1_56' title='bbox 1107 1016 1137 1083; x_wconf 86' lang='lat'>²:</span> <span class='ocrx_word' id='word_1_57' title='bbox 1157 1016 1296 1107; x_wconf 89' lang='lat' dir='ltr'>quocirca</span> <span class='ocrx_word' id='word_1_58' title='bbox 1308 1033 1333 1080; x_wconf 88' lang='lat' dir='ltr'>et</span> 
     </span>
     <span class='ocr_line' id='line_1_9' title="bbox 217 1114 1333 1208; baseline -0.008 -17"><span class='ocrx_word' id='word_1_59' title='bbox 217 1123 269 1191; x_wconf 92' lang='lat' dir='ltr'>illo</span> <span class='ocrx_word' id='word_1_60' title='bbox 291 1123 380 1190; x_wconf 81' lang='lat' dir='ltr'>elfato</span> <span class='ocrx_word' id='word_1_61' title='bbox 403 1121 484 1190; x_wconf 88' lang='lat' dir='ltr'>haud</span> <span class='ocrx_word' id='word_1_62' title='bbox 507 1129 586 1189; x_wconf 88' lang='lat' dir='ltr'>rectc</span> <span class='ocrx_word' id='word_1_63' title='bbox 614 1119 716 1208; x_wconf 80' lang='lat' dir='ltr'>colligi</span> <span class='ocrx_word' id='word_1_64' title='bbox 740 1127 840 1208; x_wconf 88' lang='lat' dir='ltr'>potest</span> <span class='ocrx_word' id='word_1_65' title='bbox 862 1117 1016 1186; x_wconf 86' lang='lat' dir='ltr'>obiectum</span> <span class='ocrx_word' id='word_1_66' title='bbox 1034 1117 1174 1188; x_wconf 88' lang='lat' dir='ltr'>formale</span> <span class='ocrx_word' id='word_1_67' title='bbox 1192 1116 1286 1186; x_wconf 75' lang='lat' dir='ltr'>llivinl</span> <span class='ocrx_word' id='word_1_68' title='bbox 1299 1114 1333 1182; x_wconf 93' lang='lat' dir='ltr'>ln·</span> 
     </span>
     <span class='ocr_line' id='line_1_10' title="bbox 218 1221 1333 1311; baseline -0.011 -19"><span class='ocrx_word' id='word_1_69' title='bbox 218 1227 357 1296; x_wconf 85' lang='lat' dir='ltr'>tellectus</span> <span class='ocrx_word' id='word_1_70' title='bbox 378 1246 444 1294; x_wconf 81' lang='lat' dir='ltr'>asse</span> <span class='ocrx_word' id='word_1_71' title='bbox 468 1244 529 1292; x_wconf 91' lang='lat' dir='ltr'>non</span> <span class='ocrx_word' id='word_1_72' title='bbox 553 1221 613 1290; x_wconf 89' lang='lat' dir='ltr'>iam</span> <span class='ocrx_word' id='word_1_73' title='bbox 637 1242 691 1290; x_wconf 87' lang='lat' dir='ltr'>ens</span> <span class='ocrx_word' id='word_1_74' title='bbox 718 1221 898 1307; x_wconf 89' lang='lat' dir='ltr'>increatum,</span> <span class='ocrx_word' id='word_1_75' title='bbox 924 1222 976 1290; x_wconf 89' lang='lat' dir='ltr'>sed</span> <span class='ocrx_word' id='word_1_76' title='bbox 997 1241 1071 1308; x_wconf 77' lang='lat' dir='ltr'>cna,</span> <span class='ocrx_word' id='word_1_77' title='bbox 1097 1222 1193 1311; x_wconf 91' lang='lat' dir='ltr'>quod</span> <span class='ocrx_word' id='word_1_78' title='bbox 1218 1241 1235 1286; x_wconf 94' lang='lat' dir='ltr'>a</span> <span class='ocrx_word' id='word_1_79' title='bbox 1256 1225 1333 1287; x_wconf 80' lang='lat' dir='ltr'>crata</span> 
     </span>
     <span class='ocr_line' id='line_1_11' title="bbox 214 1320 1331 1412; baseline -0.007 -18"><span class='ocrx_word' id='word_1_80' title='bbox 214 1337 245 1394; x_wconf 88' lang='lat' dir='ltr'>ct</span> <span class='ocrx_word' id='word_1_81' title='bbox 267 1325 400 1395; x_wconf 90' lang='lat' dir='ltr'>increata</span> <span class='ocrx_word' id='word_1_82' title='bbox 436 1325 645 1406; x_wconf 86' lang='lat' dir='ltr'>abstr·alrltur;</span> <span class='ocrx_word' id='word_1_83' title='bbox 671 1323 819 1412; x_wconf 88' lang='lat' dir='ltr'>siquidem</span> <span class='ocrx_word' id='word_1_84' title='bbox 843 1324 902 1392; x_wconf 90' lang='lat' dir='ltr'>hoc</span> <span class='ocrx_word' id='word_1_85' title='bbox 924 1335 970 1393; x_wconf 86' lang='lat' dir='ltr'>est</span> <span class='ocrx_word' id='word_1_86' title='bbox 994 1323 1216 1393; x_wconf 75' lang='lat' dir='ltr'>universalius</span> <span class='ocrx_word' id='word_1_87' title='bbox 1240 1320 1331 1390; x_wconf 87' lang='lat' dir='ltr'>ratiove</span> 
     </span>
     <span class='ocr_line' id='line_1_12' title="bbox 217 1420 1331 1517; baseline -0.007 -21"><span class='ocrx_word' id='word_1_88' title='bbox 217 1429 454 1517; x_wconf 76' lang='lat' dir='ltr'>praedicationis,</span> <span class='ocrx_word' id='word_1_89' title='bbox 481 1428 554 1495; x_wconf 92' lang='lat' dir='ltr'>illud</span> <span class='ocrx_word' id='word_1_90' title='bbox 582 1437 683 1496; x_wconf 90' lang='lat' dir='ltr'>autern</span> <span class='ocrx_word' id='word_1_91' title='bbox 706 1439 752 1497; x_wconf 90' lang='lat' dir='ltr'>est</span> <span class='ocrx_word' id='word_1_92' title='bbox 776 1425 975 1497; x_wconf 83' lang='lat' dir='ltr'>universalius</span> <span class='ocrx_word' id='word_1_93' title='bbox 998 1424 1128 1496; x_wconf 87' lang='lat' dir='ltr'>ratione</span> <span class='ocrx_word' id='word_1_94' title='bbox 1154 1420 1331 1503; x_wconf 83' lang='lat' dir='ltr'>causalitat&#39;a,</span> 
     </span>
     <span class='ocr_line' id='line_1_13' title="bbox 215 1526 1332 1617; baseline -0.005 -20"><span class='ocrx_word' id='word_1_95' title='bbox 215 1539 246 1597; x_wconf 89' lang='lat' dir='ltr'>et</span> <span class='ocrx_word' id='word_1_96' title='bbox 268 1529 475 1598; x_wconf 85' lang='lat' dir='ltr'>eminentioris</span> <span class='ocrx_word' id='word_1_97' title='bbox 496 1529 726 1613; x_wconf 88' lang='lat' dir='ltr'>continentiae;</span> <span class='ocrx_word' id='word_1_98' title='bbox 755 1530 829 1599; x_wconf 88' lang='lat' dir='ltr'>haec</span> <span class='ocrx_word' id='word_1_99' title='bbox 851 1541 954 1598; x_wconf 87' lang='lat' dir='ltr'>autem</span> <span class='ocrx_word' id='word_1_100' title='bbox 978 1528 1221 1614; x_wconf 57' lang='lat' dir='ltr'>universalitas</span> <span class='ocrx_word' id='word_1_101' title='bbox 1245 1526 1332 1617; x_wconf 84' lang='lat' dir='ltr'>qnippe</span> 
     </span>
     <span class='ocr_line' id='line_1_14' title="bbox 215 1631 1333 1724; baseline -0.001 -28"><span class='ocrx_word' id='word_1_102' title='bbox 215 1650 293 1719; x_wconf 74' lang='lat' dir='ltr'>(puae</span> <span class='ocrx_word' id='word_1_103' title='bbox 316 1632 521 1701; x_wconf 79' lang='lat' dir='ltr'>actualitatem</span> <span class='ocrx_word' id='word_1_104' title='bbox 544 1635 716 1724; x_wconf 78' lang='lat' dir='ltr'>praesefert,</span> <span class='ocrx_word' id='word_1_105' title='bbox 748 1634 908 1724; x_wconf 88' lang='lat' dir='ltr'>perfectior</span> <span class='ocrx_word' id='word_1_106' title='bbox 936 1631 1254 1702; x_wconf 75' lang='lat' dir='ltr'>estanaersataate</span> <span class='ocrx_word' id='word_1_107' title='bbox 1266 1647 1333 1718; x_wconf 80' lang='lat' dir='ltr'>praa</span> 
     </span>
     <span class='ocr_line' id='line_1_15' title="bbox 217 1730 951 1825; baseline 0.007 -26"><span class='ocrx_word' id='word_1_108' title='bbox 217 1730 386 1819; x_wconf 80' lang='lat' dir='ltr'>dicationis,</span> <span class='ocrx_word' id='word_1_109' title='bbox 400 1755 478 1823; x_wconf 86' lang='lat' dir='ltr'>quae</span> <span class='ocrx_word' id='word_1_110' title='bbox 502 1734 532 1802; x_wconf 89' lang='lat' dir='ltr'>in</span> <span class='ocrx_word' id='word_1_111' title='bbox 556 1735 773 1825; x_wconf 76' lang='lat' dir='ltr'>palmatiata&#39;tate</span> <span class='ocrx_word' id='word_1_112' title='bbox 795 1735 951 1805; x_wconf 87' lang='lat' dir='ltr'>fundatur.</span> 
     </span>
    </p>

    <p class='ocr_par' dir='ltr' id='par_1_2' title="bbox 211 1830 1332 2745">
     <span class='ocr_line' id='line_1_16' title="bbox 258 1830 1329 1923; baseline -0.003 -21"><span class='ocrx_word' id='word_1_113' title='bbox 258 1834 336 1902; x_wconf 78' lang='lat' dir='ltr'>Xl&#39;l.</span> <span class='ocrx_word' id='word_1_114' title='bbox 364 1835 527 1907; x_wconf 77' lang='lat' dir='ltr'>feruvris</span> <span class='ocrx_word' id='word_1_115' title='bbox 552 1858 644 1906; x_wconf 80' lang='lat' dir='ltr'>ratis</span> <span class='ocrx_word' id='word_1_116' title='bbox 669 1856 867 1923; x_wconf 58' lang='lat' dir='ltr'>parmatus</span> <span class='ocrx_word' id='word_1_117' title='bbox 892 1858 951 1906; x_wconf 81' lang='lat' dir='ltr'>asr</span> <span class='ocrx_word' id='word_1_118' title='bbox 975 1856 1157 1906; x_wconf 80' lang='lat' dir='ltr'>assuunt.</span> <span class='ocrx_word' id='word_1_119' title='bbox 1178 1830 1329 1904; x_wconf 84' lang='lat' dir='ltr'>Falsunil</span> 
     </span>
     <span class='ocr_line' id='line_1_17' title="bbox 213 1934 1332 2030; baseline -0.003 -26"><span class='ocrx_word' id='word_1_120' title='bbox 213 1949 258 2006; x_wconf 91' lang='lat' dir='ltr'>est</span> <span class='ocrx_word' id='word_1_121' title='bbox 281 1959 318 2008; x_wconf 92' lang='lat' dir='ltr'>eo</span> <span class='ocrx_word' id='word_1_122' title='bbox 333 1959 433 2025; x_wconf 88' lang='lat' dir='ltr'>sensu,</span> <span class='ocrx_word' id='word_1_123' title='bbox 451 1950 602 2029; x_wconf 88' lang='lat' dir='ltr'>quatenus</span> <span class='ocrx_word' id='word_1_124' title='bbox 625 1940 759 2030; x_wconf 90' lang='lat' dir='ltr'>potentia</span> <span class='ocrx_word' id='word_1_125' title='bbox 775 1940 812 2009; x_wconf 91' lang='lat' dir='ltr'>sit</span> <span class='ocrx_word' id='word_1_126' title='bbox 828 1939 1006 2026; x_wconf 87' lang='lat' dir='ltr'>substantia,</span> <span class='ocrx_word' id='word_1_127' title='bbox 1024 1940 1052 2009; x_wconf 87' lang='lat' dir='ltr'>si</span> <span class='ocrx_word' id='word_1_128' title='bbox 1070 1942 1213 2010; x_wconf 81' lang='lat' dir='ltr'>essentia</span> <span class='ocrx_word' id='word_1_129' title='bbox 1228 1939 1265 2008; x_wconf 90' lang='lat' dir='ltr'>sit</span> <span class='ocrx_word' id='word_1_130' title='bbox 1277 1934 1332 2006; x_wconf 72' lang='lat' dir='ltr'>suta</span> 
     </span>
     <span class='ocr_line' id='line_1_18' title="bbox 215 2039 1331 2132; baseline -0.001 -26"><span class='ocrx_word' id='word_1_131' title='bbox 215 2041 336 2123; x_wconf 89' lang='lat' dir='ltr'>stantia;</span> <span class='ocrx_word' id='word_1_132' title='bbox 361 2053 552 2130; x_wconf 88' lang='lat' dir='ltr'>compertum</span> <span class='ocrx_word' id='word_1_133' title='bbox 579 2043 662 2112; x_wconf 81' lang='lat' dir='ltr'>eninr</span> <span class='ocrx_word' id='word_1_134' title='bbox 684 2054 731 2112; x_wconf 87' lang='lat' dir='ltr'>est</span> <span class='ocrx_word' id='word_1_135' title='bbox 753 2044 901 2132; x_wconf 82' lang='lat' dir='ltr'>potentias</span> <span class='ocrx_word' id='word_1_136' title='bbox 925 2039 1331 2125; x_wconf 81' lang='lat' dir='ltr'>1·erumct·cataruminlna</span> 
     </span>
     <span class='ocr_line' id='line_1_19' title="bbox 212 2143 1331 2235; baseline -0.002 -26"><span class='ocrx_word' id='word_1_137' title='bbox 212 2162 278 2210; x_wconf 85' lang='lat' dir='ltr'>reru</span> <span class='ocrx_word' id='word_1_138' title='bbox 302 2143 500 2212; x_wconf 85' lang='lat' dir='ltr'>substantiae.</span> <span class='ocrx_word' id='word_1_139' title='bbox 527 2143 662 2212; x_wconf 80' lang='lat' dir='ltr'>Effatum</span> <span class='ocrx_word' id='word_1_140' title='bbox 687 2144 787 2234; x_wconf 86' lang='lat' dir='ltr'>itaque</span> <span class='ocrx_word' id='word_1_141' title='bbox 816 2144 966 2235; x_wconf 79' lang='lat' dir='ltr'>significat</span> <span class='ocrx_word' id='word_1_142' title='bbox 990 2144 1152 2232; x_wconf 86' lang='lat' dir='ltr'>potentias</span> <span class='ocrx_word' id='word_1_143' title='bbox 1180 2165 1245 2213; x_wconf 90' lang='lat' dir='ltr'>non</span> <span class='ocrx_word' id='word_1_144' title='bbox 1264 2157 1331 2210; x_wconf 77' lang='lat' dir='ltr'>cica-</span> 
     </span>
     <span class='ocr_line' id='line_1_20' title="bbox 213 2235 1329 2343; baseline 0.003 -31"><span class='ocrx_word' id='word_1_145' title='bbox 213 2243 283 2312; x_wconf 86' lang='lat' dir='ltr'>deva</span> <span class='ocrx_word' id='word_1_146' title='bbox 306 2244 510 2315; x_wconf 89' lang='lat' dir='ltr'>conditionem</span> <span class='ocrx_word' id='word_1_147' title='bbox 533 2258 564 2315; x_wconf 89' lang='lat' dir='ltr'>et</span> <span class='ocrx_word' id='word_1_148' title='bbox 588 2246 736 2343; x_wconf 86' lang='lat' dir='ltr'>rationem</span> <span class='ocrx_word' id='word_1_149' title='bbox 759 2248 917 2336; x_wconf 85' lang='lat' dir='ltr'>essentiae,</span> <span class='ocrx_word' id='word_1_150' title='bbox 934 2267 988 2316; x_wconf 89' lang='lat' dir='ltr'>seu</span> <span class='ocrx_word' id='word_1_151' title='bbox 1003 2245 1221 2331; x_wconf 86' lang='lat' dir='ltr'>substantiae,</span> <span class='ocrx_word' id='word_1_152' title='bbox 1239 2235 1329 2315; x_wconf 70' lang='lat' dir='ltr'>sedili</span> 
     </span>
     <span class='ocr_line' id='line_1_21' title="bbox 215 2346 1329 2442; baseline 0.002 -29"><span class='ocrx_word' id='word_1_153' title='bbox 215 2349 407 2436; x_wconf 88' lang='lat' dir='ltr'>respondere,</span> <span class='ocrx_word' id='word_1_154' title='bbox 432 2358 467 2416; x_wconf 90' lang='lat' dir='ltr'>ut</span> <span class='ocrx_word' id='word_1_155' title='bbox 480 2346 561 2418; x_wconf 85' lang='lat' dir='ltr'>¹cum</span> <span class='ocrx_word' id='word_1_156' title='bbox 583 2351 623 2418; x_wconf 87' lang='lat' dir='ltr'>ab</span> <span class='ocrx_word' id='word_1_157' title='bbox 655 2352 796 2440; x_wconf 88' lang='lat' dir='ltr'>essentia,</span> <span class='ocrx_word' id='word_1_158' title='bbox 823 2363 978 2442; x_wconf 88' lang='lat' dir='ltr'>tamquam</span> <span class='ocrx_word' id='word_1_159' title='bbox 994 2370 1011 2418; x_wconf 89' lang='lat' dir='ltr'>a</span> <span class='ocrx_word' id='word_1_160' title='bbox 1026 2370 1126 2420; x_wconf 89' lang='lat' dir='ltr'>causa</span> <span class='ocrx_word' id='word_1_161' title='bbox 1145 2349 1329 2439; x_wconf 69' lang='lat' dir='ltr'>dependeant,</span> 
     </span>
     <span class='ocr_line' id='line_1_22' title="bbox 216 2446 1330 2544; baseline -0.001 -30"><span class='ocrx_word' id='word_1_162' title='bbox 216 2446 298 2518; x_wconf 91' lang='lat' dir='ltr'>illam</span> <span class='ocrx_word' id='word_1_163' title='bbox 323 2451 355 2518; x_wconf 92' lang='lat' dir='ltr'>in</span> <span class='ocrx_word' id='word_1_164' title='bbox 379 2450 490 2520; x_wconf 90' lang='lat' dir='ltr'>virtute</span> <span class='ocrx_word' id='word_1_165' title='bbox 512 2452 621 2540; x_wconf 83' lang='lat' dir='ltr'>agendi</span> <span class='ocrx_word' id='word_1_166' title='bbox 650 2473 791 2544; x_wconf 85' lang='lat' dir='ltr'>superare</span> <span class='ocrx_word' id='word_1_167' title='bbox 814 2475 877 2524; x_wconf 91' lang='lat' dir='ltr'>non</span> <span class='ocrx_word' id='word_1_168' title='bbox 900 2451 1027 2542; x_wconf 82' lang='lat' dir='ltr'>possint3</span> <span class='ocrx_word' id='word_1_169' title='bbox 1054 2450 1206 2542; x_wconf 89' lang='lat' dir='ltr'>alioquin</span> <span class='ocrx_word' id='word_1_170' title='bbox 1229 2449 1330 2518; x_wconf 78' lang='lat' dir='ltr'>effectus</span> 
     </span>
     <span class='ocr_line' id='line_1_23' title="bbox 214 2544 1330 2644; baseline -0.003 -25"><span class='ocrx_word' id='word_1_171' title='bbox 214 2552 414 2639; x_wconf 87' lang='lat' dir='ltr'>praestantior</span> <span class='ocrx_word' id='word_1_172' title='bbox 450 2565 529 2624; x_wconf 89' lang='lat' dir='ltr'>esset</span> <span class='ocrx_word' id='word_1_173' title='bbox 552 2576 608 2623; x_wconf 91' lang='lat' dir='ltr'>sua</span> <span class='ocrx_word' id='word_1_174' title='bbox 630 2575 732 2624; x_wconf 88' lang='lat' dir='ltr'>causa.</span> <span class='ocrx_word' id='word_1_175' title='bbox 758 2555 836 2625; x_wconf 90' lang='lat' dir='ltr'>Hinc</span> <span class='ocrx_word' id='word_1_176' title='bbox 866 2576 971 2626; x_wconf 86' lang='lat' dir='ltr'>ornnes</span> <span class='ocrx_word' id='word_1_177' title='bbox 995 2574 1044 2624; x_wconf 84' lang='lat' dir='ltr'>res</span> <span class='ocrx_word' id='word_1_178' title='bbox 1068 2567 1198 2625; x_wconf 88' lang='lat' dir='ltr'>creatae</span> <span class='ocrx_word' id='word_1_179' title='bbox 1221 2544 1330 2644; x_wconf 81' lang='lat' dir='ltr'>potentia</span> 
     </span>
     <span class='ocr_line' id='line_1_24' title="bbox 211 2655 1180 2745; baseline 0.006 -25"><span class='ocrx_word' id='word_1_180' title='bbox 211 2655 327 2740; x_wconf 89' lang='lat' dir='ltr'>pollent</span> <span class='ocrx_word' id='word_1_181' title='bbox 349 2655 443 2742; x_wconf 85' lang='lat' dir='ltr'>finita,</span> <span class='ocrx_word' id='word_1_182' title='bbox 468 2677 541 2725; x_wconf 87' lang='lat' dir='ltr'>curn</span> <span class='ocrx_word' id='word_1_183' title='bbox 572 2655 711 2745; x_wconf 88' lang='lat' dir='ltr'>ipsarum</span> <span class='ocrx_word' id='word_1_184' title='bbox 733 2659 862 2729; x_wconf 90' lang='lat' dir='ltr'>essentia</span> <span class='ocrx_word' id='word_1_185' title='bbox 885 2657 1065 2729; x_wconf 89' lang='lat' dir='ltr'>huiusmodi</span> <span class='ocrx_word' id='word_1_186' title='bbox 1088 2656 1134 2729; x_wconf 91' lang='lat' dir='ltr'>sit</span> <span class='ocrx_word' id='word_1_187' title='bbox 1153 2657 1180 2726; x_wconf 84' lang='lat'>³.</span> 
     </span>
    </p>

    <p class='ocr_par' dir='ltr' id='par_1_3' title="bbox 211 2748 1328 3966">
     <span class='ocr_line' id='line_1_25' title="bbox 259 2748 1327 2844; baseline 0.006 -22"><span class='ocrx_word' id='word_1_188' title='bbox 259 2754 351 2826; x_wconf 90' lang='lat' dir='ltr'>Xllll.</span> <span class='ocrx_word' id='word_1_189' title='bbox 378 2756 566 2829; x_wconf 81' lang='lat' dir='ltr'>Porunrnta</span> <span class='ocrx_word' id='word_1_190' title='bbox 589 2780 862 2833; x_wconf 74' lang='lat' dir='ltr'>nontrasrtnrua</span> <span class='ocrx_word' id='word_1_191' title='bbox 879 2784 942 2832; x_wconf 84' lang='lat' dir='ltr'>aaa</span> <span class='ocrx_word' id='word_1_192' title='bbox 959 2781 1143 2832; x_wconf 77' lang='lat' dir='ltr'>assuerus.</span> <span class='ocrx_word' id='word_1_193' title='bbox 1164 2758 1250 2829; x_wconf 85' lang='lat' dir='ltr'>Circa</span> <span class='ocrx_word' id='word_1_194' title='bbox 1264 2748 1327 2844; x_wconf 75' lang='lat' dir='ltr'>aad</span> 
     </span>
     <span class='ocr_line' id='line_1_26' title="bbox 213 2855 1326 2954; baseline -0.002 -28"><span class='ocrx_word' id='word_1_195' title='bbox 213 2855 337 2926; x_wconf 87' lang='lat' dir='ltr'>effatum</span> <span class='ocrx_word' id='word_1_196' title='bbox 363 2880 523 2929; x_wconf 88' lang='lat' dir='ltr'>monemus</span> <span class='ocrx_word' id='word_1_197' title='bbox 547 2862 579 2930; x_wconf 85' lang='lat' dir='ltr'>l⁰</span> <span class='ocrx_word' id='word_1_198' title='bbox 603 2885 674 2931; x_wconf 88' lang='lat' dir='ltr'>curn</span> <span class='ocrx_word' id='word_1_199' title='bbox 698 2864 842 2954; x_wconf 77' lang='lat' dir='ltr'>angelico</span> <span class='ocrx_word' id='word_1_200' title='bbox 871 2863 1044 2947; x_wconf 51' lang='lat' dir='ltr'>lloctorel,</span> <span class='ocrx_word' id='word_1_201' title='bbox 1063 2861 1241 2951; x_wconf 85' lang='lat' dir='ltr'>potentiam</span> <span class='ocrx_word' id='word_1_202' title='bbox 1255 2871 1326 2943; x_wconf 75' lang='lat' dir='ltr'>agur</span> 
     </span>
     <span class='ocr_line' id='line_1_27' title="bbox 214 2961 1326 3049; baseline -0.002 -19"><span class='ocrx_word' id='word_1_203' title='bbox 214 2962 255 3033; x_wconf 92' lang='lat' dir='ltr'>tis</span> <span class='ocrx_word' id='word_1_204' title='bbox 277 2963 398 3035; x_wconf 79' lang='lat' dir='ltr'>ttmaoci</span> <span class='ocrx_word' id='word_1_205' title='bbox 421 2972 517 3033; x_wconf 88' lang='lat' dir='ltr'>totam</span> <span class='ocrx_word' id='word_1_206' title='bbox 542 2966 726 3036; x_wconf 83' lang='lat' dir='ltr'>manifestari</span> <span class='ocrx_word' id='word_1_207' title='bbox 751 2969 783 3038; x_wconf 91' lang='lat' dir='ltr'>in</span> <span class='ocrx_word' id='word_1_208' title='bbox 799 2991 856 3038; x_wconf 91' lang='lat' dir='ltr'>suo</span> <span class='ocrx_word' id='word_1_209' title='bbox 877 2969 997 3049; x_wconf 88' lang='lat' dir='ltr'>effectu;</span> <span class='ocrx_word' id='word_1_210' title='bbox 1014 2975 1045 3034; x_wconf 91' lang='lat' dir='ltr'>et</span> <span class='ocrx_word' id='word_1_211' title='bbox 1060 2986 1078 3034; x_wconf 91' lang='lat' dir='ltr'>c</span> <span class='ocrx_word' id='word_1_212' title='bbox 1093 2961 1326 3045; x_wconf 69' lang='lat' dir='ltr'>contrariam</span> 
     </span>
     <span class='ocr_line' id='line_1_28' title="bbox 213 3054 1325 3155; baseline -0.004 -22"><span class='ocrx_word' id='word_1_213' title='bbox 213 3054 338 3133; x_wconf 78' lang='lat' dir='ltr'>tentiam</span> <span class='ocrx_word' id='word_1_214' title='bbox 377 3064 494 3152; x_wconf 84' lang='lat' dir='ltr'>agentis</span> <span class='ocrx_word' id='word_1_215' title='bbox 523 3068 678 3155; x_wconf 81' lang='lat' dir='ltr'>aeqtaiaoea&#39;</span> <span class='ocrx_word' id='word_1_216' title='bbox 715 3089 778 3136; x_wconf 89' lang='lat' dir='ltr'>nan</span> <span class='ocrx_word' id='word_1_217' title='bbox 812 3080 908 3138; x_wconf 89' lang='lat' dir='ltr'>totam</span> <span class='ocrx_word' id='word_1_218' title='bbox 939 3066 1130 3138; x_wconf 89' lang='lat' dir='ltr'>manifestari</span> <span class='ocrx_word' id='word_1_219' title='bbox 1169 3065 1202 3132; x_wconf 91' lang='lat' dir='ltr'>in</span> <span class='ocrx_word' id='word_1_220' title='bbox 1223 3059 1325 3129; x_wconf 79' lang='lat' dir='ltr'>eltuto</span> 
     </span>
     <span class='ocr_line' id='line_1_29' title="bbox 214 3151 1324 3260; baseline -0.008 -26"><span class='ocrx_word' id='word_1_221' title='bbox 214 3168 414 3254; x_wconf 80' lang='lat' dir='ltr'>productione</span> <span class='ocrx_word' id='word_1_222' title='bbox 441 3189 471 3233; x_wconf 80' lang='lat' dir='ltr'>a.</span> <span class='ocrx_word' id='word_1_223' title='bbox 489 3166 535 3233; x_wconf 83' lang='lat' dir='ltr'>Ex</span> <span class='ocrx_word' id='word_1_224' title='bbox 558 3189 621 3255; x_wconf 76' lang='lat' dir='ltr'>apua</span> <span class='ocrx_word' id='word_1_225' title='bbox 645 3170 800 3259; x_wconf 85' lang='lat' dir='ltr'>colligitur</span> <span class='ocrx_word' id='word_1_226' title='bbox 823 3192 888 3241; x_wconf 90' lang='lat' dir='ltr'>nou</span> <span class='ocrx_word' id='word_1_227' title='bbox 911 3179 1062 3260; x_wconf 87' lang='lat' dir='ltr'>oportere,</span> <span class='ocrx_word' id='word_1_228' title='bbox 1079 3177 1119 3235; x_wconf 85' lang='lat' dir='ltr'>ut</span> <span class='ocrx_word' id='word_1_229' title='bbox 1145 3164 1266 3234; x_wconf 88' lang='lat' dir='ltr'>infinita</span> <span class='ocrx_word' id='word_1_230' title='bbox 1285 3151 1324 3225; x_wconf 79' lang='lat' dir='ltr'>aa</span> 
     </span>
     <span class='ocr_line' id='line_1_30' title="bbox 213 3259 1324 3363; baseline -0.002 -30"><span class='ocrx_word' id='word_1_231' title='bbox 213 3264 347 3353; x_wconf 84' lang='lat' dir='ltr'>potantia</span> <span class='ocrx_word' id='word_1_232' title='bbox 378 3264 588 3363; x_wconf 82' lang='lat' dir='ltr'>manifestetur</span> <span class='ocrx_word' id='word_1_233' title='bbox 610 3269 643 3339; x_wconf 92' lang='lat' dir='ltr'>in</span> <span class='ocrx_word' id='word_1_234' title='bbox 666 3271 751 3359; x_wconf 91' lang='lat' dir='ltr'>hoc,</span> <span class='ocrx_word' id='word_1_235' title='bbox 775 3275 857 3361; x_wconf 88' lang='lat' dir='ltr'>quod</span> <span class='ocrx_word' id='word_1_236' title='bbox 879 3271 1034 3351; x_wconf 84' lang='lat' dir='ltr'>infinitum</span> <span class='ocrx_word' id='word_1_237' title='bbox 1057 3268 1210 3337; x_wconf 85' lang='lat' dir='ltr'>ellectum</span> <span class='ocrx_word' id='word_1_238' title='bbox 1234 3259 1324 3354; x_wconf 75' lang='lat' dir='ltr'>prodit·</span> 
     </span>
     <span class='ocr_line' id='line_1_31' title="bbox 212 3362 1326 3464; baseline -0.004 -28"><span class='ocrx_word' id='word_1_239' title='bbox 212 3375 272 3451; x_wconf 79' lang='lat' dir='ltr'>cat3</span> <span class='ocrx_word' id='word_1_240' title='bbox 298 3365 379 3437; x_wconf 87' lang='lat' dir='ltr'>Deus</span> <span class='ocrx_word' id='word_1_241' title='bbox 401 3365 484 3438; x_wconf 90' lang='lat' dir='ltr'>enirn</span> <span class='ocrx_word' id='word_1_242' title='bbox 508 3390 573 3441; x_wconf 90' lang='lat' dir='ltr'>uon</span> <span class='ocrx_word' id='word_1_243' title='bbox 595 3384 641 3442; x_wconf 89' lang='lat' dir='ltr'>est</span> <span class='ocrx_word' id='word_1_244' title='bbox 655 3395 749 3464; x_wconf 84' lang='lat' dir='ltr'>agens</span> <span class='ocrx_word' id='word_1_245' title='bbox 764 3377 927 3445; x_wconf 82' lang='lat' dir='ltr'>ariiaocam</span> <span class='ocrx_word' id='word_1_246' title='bbox 943 3376 969 3457; x_wconf 76' lang='lat'>⁵3</span> <span class='ocrx_word' id='word_1_247' title='bbox 987 3373 1046 3445; x_wconf 62' lang='lat' dir='ltr'>ft</span> <span class='ocrx_word' id='word_1_248' title='bbox 1066 3369 1221 3440; x_wconf 87' lang='lat' dir='ltr'>virtutem</span> <span class='ocrx_word' id='word_1_249' title='bbox 1237 3362 1326 3436; x_wconf 76' lang='lat' dir='ltr'>lactea</span> 
     </span>
     <span class='ocr_line' id='line_1_32' title="bbox 211 3466 1326 3562; baseline -0.002 -27"><span class='ocrx_word' id='word_1_250' title='bbox 211 3466 250 3538; x_wconf 90' lang='lat' dir='ltr'>tis</span> <span class='ocrx_word' id='word_1_251' title='bbox 265 3488 329 3539; x_wconf 91' lang='lat' dir='ltr'>non</span> <span class='ocrx_word' id='word_1_252' title='bbox 344 3473 445 3540; x_wconf 90' lang='lat' dir='ltr'>solum</span> <span class='ocrx_word' id='word_1_253' title='bbox 461 3472 644 3542; x_wconf 87' lang='lat' dir='ltr'>considerari</span> <span class='ocrx_word' id='word_1_254' title='bbox 667 3497 705 3544; x_wconf 85' lang='lat' dir='ltr'>ex</span> <span class='ocrx_word' id='word_1_255' title='bbox 728 3476 897 3546; x_wconf 89' lang='lat' dir='ltr'>substantia</span> <span class='ocrx_word' id='word_1_256' title='bbox 918 3475 1000 3562; x_wconf 86' lang='lat' dir='ltr'>facti,</span> <span class='ocrx_word' id='word_1_257' title='bbox 1018 3474 1071 3543; x_wconf 90' lang='lat' dir='ltr'>sed</span> <span class='ocrx_word' id='word_1_258' title='bbox 1094 3472 1196 3541; x_wconf 86' lang='lat' dir='ltr'>etiam</span> <span class='ocrx_word' id='word_1_259' title='bbox 1218 3490 1257 3540; x_wconf 77' lang='lat' dir='ltr'>ex</span> <span class='ocrx_word' id='word_1_260' title='bbox 1276 3481 1326 3533; x_wconf 86' lang='lat' dir='ltr'>na</span> 
     </span>
     <span class='ocr_line' id='line_1_33' title="bbox 211 3565 1326 3665; baseline -0.002 -27"><span class='ocrx_word' id='word_1_261' title='bbox 211 3570 251 3638; x_wconf 92' lang='lat' dir='ltr'>da</span> <span class='ocrx_word' id='word_1_262' title='bbox 275 3570 412 3659; x_wconf 89' lang='lat' dir='ltr'>faciendi,</span> <span class='ocrx_word' id='word_1_263' title='bbox 436 3571 535 3642; x_wconf 85' lang='lat' dir='ltr'>maior</span> <span class='ocrx_word' id='word_1_264' title='bbox 556 3573 640 3643; x_wconf 88' lang='lat' dir='ltr'>enim</span> <span class='ocrx_word' id='word_1_265' title='bbox 663 3576 744 3644; x_wconf 90' lang='lat' dir='ltr'>calor</span> <span class='ocrx_word' id='word_1_266' title='bbox 766 3597 830 3646; x_wconf 91' lang='lat' dir='ltr'>non</span> <span class='ocrx_word' id='word_1_267' title='bbox 853 3578 955 3647; x_wconf 88' lang='lat' dir='ltr'>solunt</span> <span class='ocrx_word' id='word_1_268' title='bbox 977 3574 1093 3665; x_wconf 82' lang='lat' dir='ltr'>magis,</span> <span class='ocrx_word' id='word_1_269' title='bbox 1121 3574 1180 3643; x_wconf 86' lang='lat' dir='ltr'>sed</span> <span class='ocrx_word' id='word_1_270' title='bbox 1202 3583 1233 3642; x_wconf 93' lang='lat' dir='ltr'>et</span> <span class='ocrx_word' id='word_1_271' title='bbox 1254 3565 1326 3638; x_wconf 81' lang='lat' dir='ltr'>attia</span> 
     </span>
     <span class='ocr_line' id='line_1_34' title="bbox 212 3668 1328 3762; baseline -0.004 -21"><span class='ocrx_word' id='word_1_272' title='bbox 212 3669 346 3741; x_wconf 88' lang='lat' dir='ltr'>calefacit</span> <span class='ocrx_word' id='word_1_273' title='bbox 364 3678 405 3740; x_wconf 72' lang='lat' dir='ltr'>n</span> <span class='ocrx_word' id='word_1_274' title='bbox 425 3670 575 3753; x_wconf 78' lang='lat' dir='ltr'>Quocirca¹</span> <span class='ocrx_word' id='word_1_275' title='bbox 598 3696 613 3738; x_wconf 82' lang='lat' dir='ltr'>t</span> <span class='ocrx_word' id='word_1_276' title='bbox 639 3676 778 3762; x_wconf 86' lang='lat' dir='ltr'>quamvis</span> <span class='ocrx_word' id='word_1_277' title='bbox 793 3699 895 3749; x_wconf 86' lang='lat' dir='ltr'>craare</span> <span class='ocrx_word' id='word_1_278' title='bbox 910 3678 1052 3748; x_wconf 86' lang='lat' dir='ltr'>ellectum</span> <span class='ocrx_word' id='word_1_279' title='bbox 1068 3674 1199 3745; x_wconf 88' lang='lat' dir='ltr'>linitum</span> <span class='ocrx_word' id='word_1_280' title='bbox 1215 3691 1277 3741; x_wconf 90' lang='lat' dir='ltr'>nou</span> <span class='ocrx_word' id='word_1_281' title='bbox 1289 3668 1328 3737; x_wconf 78' lang='lat' dir='ltr'>dc</span> 
     </span>
     <span class='ocr_line' id='line_1_35' title="bbox 211 3769 1328 3866; baseline 0.001 -24"><span class='ocrx_word' id='word_1_282' title='bbox 211 3782 363 3844; x_wconf 85' lang='lat' dir='ltr'>monstret</span> <span class='ocrx_word' id='word_1_283' title='bbox 388 3773 553 3864; x_wconf 88' lang='lat' dir='ltr'>potentiam</span> <span class='ocrx_word' id='word_1_284' title='bbox 587 3776 756 3866; x_wconf 84' lang='lat' dir='ltr'>infinitam,</span> <span class='ocrx_word' id='word_1_285' title='bbox 783 3789 884 3849; x_wconf 89' lang='lat' dir='ltr'>tamen</span> <span class='ocrx_word' id='word_1_286' title='bbox 917 3797 1018 3850; x_wconf 86' lang='lat' dir='ltr'>creare</span> <span class='ocrx_word' id='word_1_287' title='bbox 1044 3776 1154 3866; x_wconf 90' lang='lat' dir='ltr'>ipsum</span> <span class='ocrx_word' id='word_1_288' title='bbox 1188 3796 1226 3847; x_wconf 82' lang='lat' dir='ltr'>oa</span> <span class='ocrx_word' id='word_1_289' title='bbox 1249 3769 1328 3845; x_wconf 80' lang='lat' dir='ltr'>nilailt</span> 
     </span>
     <span class='ocr_line' id='line_1_36' title="bbox 215 3875 863 3966; baseline 0.009 -23"><span class='ocrx_word' id='word_1_290' title='bbox 215 3875 403 3947; x_wconf 86' lang='lat' dir='ltr'>demonstrat</span> <span class='ocrx_word' id='word_1_291' title='bbox 423 3876 588 3966; x_wconf 87' lang='lat' dir='ltr'>potentiam</span> <span class='ocrx_word' id='word_1_292' title='bbox 612 3879 763 3950; x_wconf 88' lang='lat' dir='ltr'>infinitam</span> <span class='ocrx_word' id='word_1_293' title='bbox 794 3884 806 3922; x_wconf 88' lang='lat'><strong>⁶</strong></span> <span class='ocrx_word' id='word_1_294' title='bbox 834 3906 863 3949; x_wconf 81' lang='lat' dir='ltr'>a.</span> 
     </span>
    </p>
   </div>
   <div class='ocr_carea' id='block_1_2' title="bbox 246 4055 951 4387">
    <p class='ocr_par' dir='ltr' id='par_1_4' title="bbox 251 4055 951 4218">
     <span class='ocr_line' id='line_1_37' title="bbox 252 4055 951 4131; baseline 0.011 -18"><span class='ocrx_word' id='word_1_295' title='bbox 252 4055 277 4126; x_wconf 85' lang='lat'>¹)</span> <span class='ocrx_word' id='word_1_296' title='bbox 297 4055 350 4129; x_wconf 69' lang='lat' dir='ltr'>Qu·</span> <span class='ocrx_word' id='word_1_297' title='bbox 368 4056 478 4129; x_wconf 69' lang='lat' dir='ltr'>disan,</span> <span class='ocrx_word' id='word_1_298' title='bbox 496 4074 525 4131; x_wconf 86' lang='lat' dir='ltr'>q.</span> <span class='ocrx_word' id='word_1_299' title='bbox 545 4074 595 4118; x_wconf 90' lang='lat' dir='ltr'>uu.</span> <span class='ocrx_word' id='word_1_300' title='bbox 615 4061 660 4118; x_wconf 87' lang='lat' dir='ltr'>Dc</span> <span class='ocrx_word' id='word_1_301' title='bbox 679 4060 749 4130; x_wconf 56' lang='lat' dir='ltr'>Ana</span> <span class='ocrx_word' id='word_1_302' title='bbox 765 4078 794 4120; x_wconf 90' lang='lat' dir='ltr'>a.</span> <span class='ocrx_word' id='word_1_303' title='bbox 816 4061 850 4122; x_wconf 78' lang='lat' dir='ltr'>ld</span> <span class='ocrx_word' id='word_1_304' title='bbox 869 4063 905 4120; x_wconf 91' lang='lat' dir='ltr'>ad</span> <span class='ocrx_word' id='word_1_305' title='bbox 922 4061 951 4121; x_wconf 74' lang='lat' dir='ltr'>l.</span> 
     </span>
     <span class='ocr_line' id='line_1_38' title="bbox 251 4140 770 4218; baseline 0.019 -22"><span class='ocrx_word' id='word_1_306' title='bbox 251 4140 277 4211; x_wconf 66' lang='grc' dir='ltr'>τ)</span> <span class='ocrx_word' id='word_1_307' title='bbox 296 4141 357 4199; x_wconf 82' lang='lat' dir='ltr'>vta.</span> <span class='ocrx_word' id='word_1_308' title='bbox 377 4157 405 4212; x_wconf 77' lang='lat' dir='ltr'>p.</span> <span class='ocrx_word' id='word_1_309' title='bbox 425 4140 471 4198; x_wconf 81' lang='lat' dir='ltr'>aa.</span> <span class='ocrx_word' id='word_1_310' title='bbox 485 4170 521 4188; x_wconf 90' lang='lat'>-</span> <span class='ocrx_word' id='word_1_311' title='bbox 535 4143 558 4215; x_wconf 73' lang='lat'>³)</span> <span class='ocrx_word' id='word_1_312' title='bbox 577 4146 639 4203; x_wconf 82' lang='lat' dir='ltr'>vra.</span> <span class='ocrx_word' id='word_1_313' title='bbox 660 4163 686 4218; x_wconf 77' lang='grc' dir='ltr'>ρ.</span> <span class='ocrx_word' id='word_1_314' title='bbox 706 4147 770 4206; x_wconf 82' lang='lat' dir='ltr'>aaa.</span> 
     </span>
    </p>

    <p class='ocr_par' dir='ltr' id='par_1_5' title="bbox 246 4226 944 4387">
     <span class='ocr_line' id='line_1_39' title="bbox 248 4226 944 4302; baseline 0.016 -21"><span class='ocrx_word' id='word_1_315' title='bbox 248 4226 360 4299; x_wconf 79' lang='lat' dir='ltr'>⁴l1,q.</span> <span class='ocrx_word' id='word_1_316' title='bbox 379 4226 467 4297; x_wconf 83' lang='lat' dir='ltr'>XXV,</span> <span class='ocrx_word' id='word_1_317' title='bbox 486 4243 513 4284; x_wconf 85' lang='lat' dir='ltr'>a.</span> <span class='ocrx_word' id='word_1_318' title='bbox 532 4229 551 4284; x_wconf 86' lang='lat'>2</span> <span class='ocrx_word' id='word_1_319' title='bbox 573 4231 608 4285; x_wconf 91' lang='lat' dir='ltr'>ad</span> <span class='ocrx_word' id='word_1_320' title='bbox 626 4231 655 4286; x_wconf 88' lang='lat'>2.</span> <span class='ocrx_word' id='word_1_321' title='bbox 669 4231 729 4298; x_wconf 82' lang='lat' dir='ltr'>-⁵l</span> <span class='ocrx_word' id='word_1_322' title='bbox 749 4232 811 4289; x_wconf 87' lang='lat' dir='ltr'>vid.</span> <span class='ocrx_word' id='word_1_323' title='bbox 833 4249 861 4302; x_wconf 87' lang='lat' dir='ltr'>p.</span> <span class='ocrx_word' id='word_1_324' title='bbox 882 4229 944 4292; x_wconf 76' lang='lat' dir='ltr'>lla.</span> 
     </span>
     <span class='ocr_line' id='line_1_40' title="bbox 246 4309 871 4387; baseline 0.005 -19"><span class='ocrx_word' id='word_1_325' title='bbox 246 4312 272 4384; x_wconf 79' lang='lat' dir='ltr'>t)</span> <span class='ocrx_word' id='word_1_326' title='bbox 289 4311 311 4384; x_wconf 88' lang='lat' dir='ltr'>l,</span> <span class='ocrx_word' id='word_1_327' title='bbox 331 4328 361 4384; x_wconf 85' lang='lat' dir='ltr'>q.</span> <span class='ocrx_word' id='word_1_328' title='bbox 381 4310 464 4383; x_wconf 76' lang='lat' dir='ltr'>XLV,</span> <span class='ocrx_word' id='word_1_329' title='bbox 484 4325 512 4368; x_wconf 89' lang='lat' dir='ltr'>a.</span> <span class='ocrx_word' id='word_1_330' title='bbox 530 4309 548 4369; x_wconf 72' lang='grc'>5</span> <span class='ocrx_word' id='word_1_331' title='bbox 567 4311 604 4369; x_wconf 86' lang='lat' dir='ltr'>ad</span> <span class='ocrx_word' id='word_1_332' title='bbox 623 4310 652 4379; x_wconf 71' lang='lat' dir='ltr'>a,</span> <span class='ocrx_word' id='word_1_333' title='bbox 674 4312 737 4374; x_wconf 85' lang='lat' dir='ltr'>tid.</span> <span class='ocrx_word' id='word_1_334' title='bbox 758 4330 786 4387; x_wconf 88' lang='lat' dir='ltr'>p.</span> <span class='ocrx_word' id='word_1_335' title='bbox 807 4313 871 4383; x_wconf 72' lang='lat' dir='ltr'>litt,</span> 
     </span>
    </p>
   </div>
   <div class='ocr_carea' id='block_1_3' title="bbox 0 0 1384 4770">
    <p class='ocr_par' dir='ltr' id='par_1_6' title="bbox 0 0 1384 4770">
     <span class='ocr_line' id='line_1_41' title="bbox 0 0 1384 4770; baseline 0 1"><span class='ocrx_word' id='word_1_336' title='bbox 0 0 1384 4770; x_wconf 95' lang='lat' dir='ltr'> </span> 
     </span>
    </p>
   </div>
  </div>
 </body>
</html>
