2760 4770
145 388 204 455 lieo
228 408 290 456 non
315 398 359 455 est
383 410 488 459 vertam
511 390 548 458 ile
572 411 620 476 ec,
645 387 727 475 qnod
753 386 913 455 inclinatur
937 407 955 452 a
981 394 1126 466 natura,
1151 396 1182 455 et
1204 402 1263 453 cen-

142 502 315 557 summatur
336 491 375 558 ab
397 491 599 578 assuetudine,
624 492 669 557 rel
692 490 783 557 etiam
806 509 823 555 a
846 487 956 576 gratim
982 499 1017 555 et
1042 492 1107 557 tale
1130 499 1179 558 est
1200 489 1262 557 relle

41 612 45 617 ’
145 591 262 658 bonum
279 592 324 660 Ι».
350 592 459 679 Quare,
483 593 539 661 etsi
560 592 655 661 horno
678 589 856 660 naturaliter
879 589 948 657 velit
972 590 1116 677 bonum,
1143 611 1203 657 non
1225 611 1260 655 re·

139 693 268 781 quitur,
294 705 328 762 ut
351 715 519 784 numquam
542 705 694 762 assuescat
721 696 797 763 velle
821 695 963 773 malum;
1005 714 1083 760 uam
1114 718 1131 757 c
1158 692 1261 761 bonitas

140 796 303 869 voluntatis
326 797 486 865 inchoatur
510 797 540 864 in
564 796 697 887 appetitu
725 799 880 883 naturali,
914 808 944 864 et
967 805 1214 864 consummatur
1234 795 1258 861 in

140 898 252 966 uirtute
273 901 476 979 deliberantium
502 922 556 969 nec
579 914 623 969 est
648 902 787 968 veluntas
809 899 986 987 simpliciter
1013 900 1100 968 bona
1126 909 1157 966 et
1179 910 1257 979 taeta,

138 1001 197 1069 nisi
220 1001 259 1068 sit
283 1013 361 1070 recta
385 1002 590 1090 inquantum
615 1011 755 1071 nroretur
770 1000 974 1085 deliberative,
999 1011 1030 1067 et
1057 1001 1095 1067 in
1120 1009 1258 1087 quantum

139 1114 280 1171 moretur
302 1105 479 1173 naturaliter
492 1103 541 1172 ²n.

184 1203 235 1273 ΧΙ.
262 1202 442 1277 Nnrunans
467 1227 554 1275 naun
579 1226 643 1275 uon
669 1225 802 1274 rrrrnnrr
818 1222 1002 1273 roranrrna
1027 1222 1211 1272 unrrmann
1230 1222 1257 1269 n-

139 1325 259 1377 rusnau
281 1328 349 1377 aar.
377 1309 476 1375 «Non
501 1307 672 1376 invenimus
688 1309 833 1391 duorum,
847 1326 926 1394 rrrrae
947 1313 1024 1374 sunt
1042 1302 1200 1372 naturalia
1214 1302 1256 1370 uni

138 1410 195 1494 rei,
221 1431 318 1479 rrnrrm
341 1431 406 1479 esse
429 1411 561 1478 totaliter
582 1411 707 1479 alterius
732 1409 1010 1499 impedimentum
1036 1405 1119 1473 alias
1141 1407 1256 1473 altemn

137 1523 215 1578 esset
239 1510 349 1581 frustra
368 1513 412 1580 ³».
427 1512 614 1601 Quapropter
636 1514 708 1580 tatsa
738 1523 784 1581 est
807 1512 854 1579 illa
877 1508 1043 1595 sententia,
1071 1529 1138 1597 qna
1160 1505 1256 1575 admit·

140 1621 247 1682 tuntnr
267 1617 378 1706 species
399 1616 565 1705 impressae
587 1615 737 1683 animaca
756 1615 818 1683 Deo
840 1614 878 1682 ab
901 1615 962 1703 ipsa
980 1611 1029 1680 sui
1056 1606 1255 1693 creationeita

138 1725 174 1782 ut
199 1736 322 1806 pereas
344 1718 452 1785 ultime
474 1718 594 1806 corpori
625 1717 785 1786 cottiuttcto
816 1715 894 1785 altit
917 1714 1074 1802 imettiqat
1100 1735 1123 1781 a
1144 1726 1255 1800 cornert

137 1817 295 1906 impedito,
320 1819 468 1908 intelliget
491 1827 593 1888 aretem
616 1843 672 1910 per
694 1842 745 1888 eor
767 1841 787 1887 a
809 1840 934 1907 coemere
955 1825 1121 1906 seperate.
1149 1814 1254 1883 Etenim

143 1946 157 1986 t
183 1925 242 1991 hoc
264 1926 378 1993 durum
403 1923 534 2009 vitietur,
561 1934 595 1990 ut
612 1924 734 2011 species,
752 1944 829 2012 tarrae
845 1922 1025 1992 naturaliter
1054 1921 1175 1989 inditae
1195 1926 1252 1987 suat

135 2025 265 2111 animae,
289 2026 422 2095 totaliter
444 2047 461 2093 a
483 2046 607 2114 corpore
632 2026 846 2114 impertiantur,
863 2046 932 2092 curri
959 2033 1065 2090 tamen
1091 2019 1251 2091 coniunctio

89 2132 93 2137 '
136 2127 275 2214 corporis
298 2130 335 2195 ad
352 2127 484 2195 animam
500 2149 563 2196 non
579 2127 618 2195 sit
633 2128 823 2199 accidentalis
838 2129 967 2214 animae,
979 2129 1031 2196 sed
1052 2128 1201 2195 naturalis
1211 2126 1247 2189 ⁴».

137 2226 224 2312 Item,
249 2228 395 2298 sententia
420 2229 553 2298 Platonis
577 2231 746 2317 refutatur,
772 2252 880 2317 rrenrpe
904 2230 1070 2313 animam,
1097 2241 1246 2319 antequam

136 2330 254 2416 corpori
278 2331 428 2416 uniretur,
453 2331 533 2399 ideas
558 2351 661 2399 rerum
687 2330 826 2399 intuitam
849 2351 937 2415 esse,
962 2330 1078 2399 deinde
1101 2352 1166 2415 eas,
1188 2348 1243 2398 curn

136 2427 167 2497 iu
190 2451 303 2519 corpus
326 2432 508 2521 detruditur,
534 2433 681 2504 oblivisci.
709 2434 830 2501 Etenim
855 2431 947 2518 ideae,
974 2431 1117 2504 Platonis
1142 2434 1242 2517 iudicio,

135 2543 211 2601 sunt
232 2536 351 2603 animae
372 2538 537 2621 naturales,
563 2546 653 2624 aterne
677 2535 776 2604 anima
800 2558 837 2605 er
852 2555 900 2622 eo,
925 2537 1009 2622 quod
1037 2557 1113 2604 cum
1138 2550 1243 2623 coruom

132 2634 342 2725 coniungitur,
370 2648 508 2704 naturam
534 2658 620 2705 suam
645 2658 708 2705 non
732 2639 854 2718 amittit;
872 2637 953 2722 laiac,
979 2658 1056 2705 cum
1084 2659 1181 2708 unum
1201 2654 1241 2704 na·

133 2736 231 2805 turale
254 2758 317 2806 uon
341 2738 484 2827 lanpediat
508 2743 645 2808 naturale
669 2741 803 2808 eiusdem
828 2741 882 2825 rei,
909 2740 973 2807 sieri
997 2762 1067 2810 non
1092 2746 1240 2830 potestat

131 2835 232 2904 anima
257 2839 452 2908 obliviscatur
481 2860 600 2927 eorum,
626 2862 704 2929 quae
727 2841 902 2909 naturaliter
930 2845 1096 2929 cognoscit
1112 2847 1137 2911 ⁵.

176 2937 243 3006 ΧΗ,
268 2940 474 3012 Necessnnnt
500 2962 601 3012 causa
625 2963 756 3013 suntran-
782 2962 857 3015 narr
881 2961 1038 3019 uuitnrnar
1064 2942 1237 3017 normali

129 3042 327 3131 consequitur
349 3065 385 3111 ex
411 3043 472 3131 ipsa
495 3066 603 3113 causae
626 3047 809 3115 necessariae
825 3056 945 3114 natura.
970 3047 1052 3115 Ciam
1078 3047 1162 3116 enim
1182 3066 1236 3115 ctu·

128 3160 161 3210 sa
184 3144 350 3213 necessaria
373 3147 448 3214 adeo
470 3146 510 3215 sit
532 3147 731 3216 determinata
754 3148 792 3216 ad
819 3148 1035 3240 operandum,
1063 3159 1124 3235 nt,
1150 3146 1235 3240 positis

127 3244 285 3333 omnibus,
308 3267 386 3334 quae
407 3249 444 3316 acl
467 3248 618 3319 actionem
641 3251 854 3338 requiruntur,
875 3259 1006 3338 nequeat
1028 3249 1130 3321 otiosa
1153 3247 1234 3320 consi·

126 3352 227 3432 stere,
251 3346 408 3417 manifeste
431 3359 553 3437 apparet
576 3353 698 3420 nullum
727 3351 856 3440 gradum
880 3349 1002 3418 uirtutis
1025 3355 1144 3423 activae
1165 3368 1234 3443 pose

124 3443 157 3514 in
180 3446 356 3518 huiusmodi
380 3471 484 3539 causa,
510 3452 584 3521 dum
610 3453 673 3544 ipsa
689 3462 843 3541 operatur,
860 3452 1007 3521 otiantem
1033 3473 1233 3543 maneamne

128 3544 188 3615 tior
201 3568 343 3639 namque
365 3570 429 3619 nen
452 3560 499 3619 est
521 3551 597 3622 ratio
620 3556 658 3623 de
680 3576 756 3641 une,
781 3576 875 3645 qnam
898 3554 935 3623 de
955 3556 1068 3628 ceteris
1091 3560 1232 3645 omuibus,

125 3657 217 3736 atque
238 3648 307 3719 ideo
330 3650 368 3721 de
392 3654 485 3722 totu
477 3676 541 3744 ipsa
565 3654 694 3743 uirtute,
719 3677 780 3746 qua
801 3678 892 3727 causa
919 3659 1026 3747 pollet.
1052 3660 1142 3753 Ergo
1161 3678 1234 3732 mim

125 3750 294 3820 necessaria
315 3751 380 3842 agit
402 3764 553 3844 quantum
578 3766 687 3846 potest,
704 3778 758 3829 seu
774 3759 940 3830 seeundum
965 3780 1079 3833 omnes
1102 3785 1176 3837 suae
1194 3782 1234 3857 pt

124 3851 233 3922 tentiae
256 3854 368 3944 gradus
392 3876 512 3950 semper
535 3862 719 3948 operatur⁶
1025 3886 1028 3891 ·

15 4056 21 4063 ’
70 4154 72 4159 ,
163 4097 186 4167 u
204 4096 235 4157 n
253 4097 302 4156 tan.
323 4099 346 4156 u
365 4102 453 4176 sena,
474 4104 543 4166 nasi.
565 4106 694 4182 xxxin
712 4110 781 4168 aaa.
801 4109 830 4169 a.

161 4183 186 4254 ²)
205 4183 346 4258 ttae-³)
367 4187 410 4245 De
431 4187 515 4260 Ver,
532 4208 561 4263 q.
583 4191 657 4266 XIX,
680 4210 707 4250 a.
731 4194 744 4250 1
765 4210 793 4255 c.

155 4270 179 4341 ⁴)
199 4268 338 4344 Ibide-⁵)
356 4270 378 4345 l,
398 4289 425 4345 q.
448 4273 598 4351 nxxxw,
618 4292 647 4335 a.
669 4275 685 4335 3
704 4280 793 4355 c.-⁶)
812 4279 873 4341 Vid.
894 4296 922 4354 p.
941 4279 1017 4355 tat,
