2760 4770
184 262 272 334 aab·
617 256 781 325 -N-

131 379 270 448 edoctum
296 376 386 446 talem
411 374 561 465 producit,
585 376 684 465 qualis
708 376 771 467 ipsa
794 385 850 445 est.
876 375 1104 460 econtrario,
1131 378 1256 448 rotomo

132 488 235 549 eutoot
256 482 330 568 quio
350 478 427 565 uult,
453 479 528 548 idest
556 498 619 546 non
641 498 683 545 ox·
694 488 814 565 natura,
829 478 883 545 sed
904 497 943 546 ex
966 477 1103 568 proprio
1126 481 1255 561 oonsilio

132 583 230 652 forma
251 581 346 667 enim,
372 601 425 669 per
439 601 531 669 quam
556 582 695 648 voluntas
717 580 791 666 agit,
808 599 872 646 non
893 589 939 648 est
963 601 1028 647 una
1054 591 1194 669 tantum,
1216 585 1259 652 sod

131 696 205 753 sunt
222 687 333 773 plures,
353 695 443 773 prout
465 694 539 753 sunt
562 684 663 771 plures
686 681 825 750 notiones
849 681 1031 766 intellectam
1058 684 1207 772 quocirca
1229 683 1257 750 il·
1286 684 1288 795 l

132 785 196 868 lud,
221 786 304 874 quod
328 786 482 853 voluntate
504 782 617 871 agitur,
643 802 706 851 non
732 792 779 849 est
802 782 869 866 tale,
894 785 984 869 quale
1007 796 1057 851 est
1081 806 1192 874 agene,
1215 787 1257 855 sad

129 890 220 976 quale
237 889 312 975 vult,
328 897 359 954 et
374 885 449 955 illud
472 883 610 972 intelligit
625 904 690 952 ossa
706 883 729 952 ¹.
756 882 813 950 Ubi
830 893 931 951 tannen
947 883 1023 952 illud
1049 888 1256 956 adnotandum

126 1008 288 1057 oenaemus
310 1004 382 1056 oum
404 1010 432 1057 ε.
456 986 573 1055 Tltoma
590 984 614 1072 ²,
637 984 729 1052 etiam
752 986 950 1072 voluntatem,
975 987 1100 1077 quippe
1132 1010 1212 1078 quae
1228 991 1255 1057 in

128 1093 234 1182 aliquo
255 1098 369 1160 antara
390 1090 540 1178 fundare
556 1090 579 1176 ³,
591 1108 659 1158 esse
680 1088 916 1158 determinatam
930 1091 972 1158 od
987 1110 1097 1161 unum
1112 1095 1172 1163 ribi
1194 1116 1254 1184 pro

127 1196 346 1286 portionalem,
377 1212 486 1280 nempe
510 1193 627 1260 bonum
653 1211 844 1278 commune,
869 1193 938 1261 lieet
958 1191 1033 1262 dein
1067 1197 1155 1264 circa
1186 1196 1253 1265 bom
1286 1208 1288 1299 ξ

131 1294 321 1384 particularia
336 1295 428 1365 libere
443 1295 555 1363 versari
578 1292 673 1383 possit
687 1295 713 1360 ⁴.
1286 1318 1288 1393 p

130 1412 135 1421 ·
173 1395 212 1466 ll.
237 1395 398 1467 Ninonrn
422 1416 503 1468 orus
529 1417 590 1466 aar
612 1414 694 1466 oeus
710 1414 996 1466 iuraturanurmn.
1022 1396 1112 1468 Sane
1136 1418 1189 1468 roa
1209 1418 1253 1468 na·

129 1498 255 1584 turales,
279 1517 351 1567 cum
373 1497 411 1565 ad
433 1496 669 1566 determinatum
684 1497 827 1566 effectum
848 1497 1087 1584 producendum
1112 1513 1251 1590 spectent,

128 1611 298 1687 operantur¹
320 1610 444 1689 propter
467 1601 560 1668 linem
578 1601 618 1665 ⁵:
654 1598 881 1688 «Operationes
902 1612 1029 1669 naturae
1058 1602 1252 1673 inveniuntur

127 1699 267 1770 ordinate
289 1703 448 1788 procedere
470 1700 502 1768 in
525 1701 641 1786 finem,
666 1701 745 1768 sicul
768 1701 954 1789 operationes
983 1702 1141 1791 sapientis
1168 1730 1198 1777 u.
1221 1705 1251 1774 llt

128 1802 276 1890 quoniam
298 1804 383 1872 omni
405 1804 434 1872 ui
456 1803 660 1892 cognoscendi
683 1801 750 1871 illae
772 1804 1003 1889 destituuntur,
1038 1806 1180 1896 ideoque
1201 1826 1250 1876 non

127 1916 320 1995 cognoscunt
335 1908 440 1995 sanem,
455 1909 497 1975 ob
511 1928 605 1995 quem
622 1916 730 1994 agunt,
748 1916 904 1994 nequeunt
920 1906 957 1973 ad
974 1906 1075 1975 finem
1094 1929 1250 2000 assequen-

125 2010 200 2076 dum
223 2009 339 2077 moveri
361 2028 399 2077 ex
421 2009 538 2099 seipsis,
564 2012 615 2078 sed
638 2030 760 2077 neeesse
781 2021 827 2077 est
844 2019 879 2076 ut
901 2008 940 2076 ab
963 2009 1072 2098 aliqua
1097 2034 1193 2083 causa
1213 2014 1250 2081 ln-

129 2109 286 2199 telligenta
307 2125 500 2182 moveantur.
519 2113 582 2182 lam
601 2135 615 2177 r
634 2113 760 2182 ellectus
774 2112 968 2202 principalius
990 2116 1183 2185 attribuitur
1204 2116 1250 2208 pi·

129 2221 184 2279 mo
207 2212 340 2281 moventi
363 2213 505 2303 dirigenti
529 2213 560 2281 in
577 2215 683 2302 linem,
700 2235 793 2302 quam
816 2213 1030 2285 instrumentis
1057 2217 1102 2284 ab
1124 2236 1165 2288 eo
1186 2219 1249 2289 dire

130 2313 187 2381 otls
212 2338 242 2384 n.
269 2314 367 2406 Igitur
393 2338 408 2381 t
433 2318 588 2404 quodlibet
610 2339 689 2408 opus
723 2329 852 2386 naturae
885 2327 932 2384 est
953 2337 1037 2406 opus
1072 2323 1247 2393 substantiae

128 2412 354 2504 intelligentis⁶
374 2442 404 2484 a.
441 2417 474 2488 ld
497 2419 596 2507 magis
618 2420 789 2486 declaratur
811 2439 848 2485 ex
879 2419 1109 2505 perfectissimo
1131 2426 1244 2511 ordine,

128 2519 182 2604 qui
205 2516 238 2585 in
260 2528 370 2586 natura
391 2517 539 2600 cernitur
556 2517 720 2607 siquidem,
738 2539 808 2587 cum
824 2519 919 2587 solius
940 2519 1075 2589 rationis
1102 2527 1245 2615 propriori

128 2618 168 2686 sit
189 2617 354 2707 ordinare,
378 2640 499 2689 necesse
521 2632 589 2706 est,
614 2643 692 2712 opus
716 2621 756 2689 ita
780 2620 908 2708 perlecto
937 2620 1148 2712 ordinatum,
1172 2627 1244 2716 qualr

126 2724 273 2808 est'opus
296 2730 433 2808 naturae,
456 2740 522 2791 esse
544 2742 622 2809 opus
644 2722 803 2791 cuiusdam
825 2721 950 2790 rationis
974 2724 1212 2810 perfectissimae
1222 2730 1241 2793 ⁷.

171 2820 332 2890 Deridentli
351 2840 430 2910 ergo
452 2832 525 2889 suut
549 2832 684 2905 veturus,
716 2834 910 2912 meantesque
933 2825 1181 2915 materialistae,
1201 2826 1241 2918 qul

125 2938 144 2988 a
167 2922 292 2991 materia
315 2921 415 3010 bruta,
441 2923 488 2991 vel
509 2944 582 2993 casu
606 2925 744 3010 fortuito,
770 2925 816 2992 vel
839 2943 876 2992 ex
900 2923 1029 2996 internis
1056 2928 1176 2998 viribus
1195 2930 1238 3018 ipsi

124 3024 268 3093 materiae
291 3021 388 3094 insitis
409 3022 617 3093 admirabilem
651 3025 761 3094 muudi
784 3025 924 3096 ordinem
947 3026 1141 3117 productum
1163 3031 1179 3098 l
1196 3032 1203 3043 '

129 3124 333 3213 obganniunt.
1112 3145 1116 3151 ·

170 3224 223 3294 lll.
250 3226 391 3296 Norunt
415 3245 475 3296 usr
500 3246 594 3300 nurts
613 3248 732 3299 nuans.
751 3228 872 3316 Appetit
887 3248 996 3318 nempe
1020 3232 1177 3323 quidquid
1197 3230 1237 3301 stt

125 3324 300 3415 perfeetioni
323 3334 379 3416 εει,
394 3337 425 3396 et
439 3327 582 3397 nocivum
604 3343 695 3421 atque
717 3330 928 3419 imperleetum
951 3330 1081 3423 relugit.
1098 3334 1180 3404 Hinc
1198 3352 1237 3403 aa

123 3438 213 3498 turae
234 3438 362 3498 oonatus
384 3446 504 3517 semper
526 3430 564 3498 ad
586 3431 645 3500 hoe
662 3432 771 3515 tendit,
788 3441 824 3500 ut
837 3431 961 3520 quaevis
983 3452 1035 3502 res
1058 3432 1092 3504 iii
1117 3456 1178 3505 suo
1195 3454 1234 3525 go·

120 3548 199 3600 nere
220 3531 259 3599 ad
272 3531 531 3601 accommodatam
547 3532 604 3602 sibi
622 3533 836 3624 perlectionem
852 3533 1048 3622 perducatur,
1066 3535 1131 3606 uisi
1153 3538 1233 3607 aliua

124 3632 164 3701 de
184 3631 449 3723 impedimentum,
473 3645 527 3703 aut
548 3634 682 3706 delectus
711 3636 950 3727 ultramarinae
973 3640 1160 3731 requiritur,
1182 3658 1236 3711 ott·

111 3810 139 3861 1'
168 3816 232 3888 lli,
252 3830 280 3887 q.
301 3808 499 3888 ametro.
551 3822 554 3829 '

166 3902 192 3973 ²)
212 3899 240 3957 1·
257 3900 316 3973 2⁸⁰,
333 3917 363 3973 q.
382 3901 421 3975 Χ,
438 3915 467 3959 a.
487 3899 501 3957 Ι
520 3900 558 3959 nd
576 3899 605 3960 3.

168 3984 191 4056 ³)
207 3985 284 4044 rotet.
304 3986 342 4042 nd
362 3985 389 4044 1.

165 4069 685 4143 bmpmwfflpm.

165 4155 190 4228 ο)
210 4155 310 4214 Contr-
333 4155 431 4228 (ἔσκε,
450 4155 548 4230 lib-8,
567 4172 595 4213 e.
615 4157 663 4215 bd.
858 4234 861 4239 Ι

164 4244 190 4313 ⁷)
209 4238 271 4298 vid.
290 4239 438 4312 Suprema
455 4254 499 4302 ort
516 4245 672 4318 ordinare,
693 4246 745 4306 litt.
767 4246 801 4306 S.
