2760 4770
135 367 269 429 tecnon
291 369 338 429 est
364 359 565 447 ralionalitas
589 365 650 432 aed⁴
665 363 897 453 distinguuntur
910 362 1094 451 formaliter,
1110 362 1183 455 quia
1206 365 1261 431 ha-

134 459 208 530 bent
230 461 366 533 diversos
392 477 556 558 conceptus
578 467 753 554 obiectivos,
765 466 920 557 'siqnidem
936 466 1112 536 animalitas
1127 466 1193 538 siue
1207 482 1259 533 ro*

134 565 303 633 tionolitotc
316 566 434 656 concipi
451 577 562 656 potest,
572 578 664 657 atque
680 568 844 656 perillam,
863 589 952 639 secus
966 589 1000 638 ac
1016 589 1068 658 per
1083 568 1260 655 istamcon-

135 667 220 736 uenit
241 669 359 739 horrrini
382 669 550 740 similitudo
586 694 658 741 eum
687 670 805 742 hrutis.¹
830 671 870 738 At
899 681 1015 760 praeter
1030 667 1256 740 distinctionem

135 771 251 841 realem
273 781 305 840 et
326 771 456 859 reticetis
489 775 611 842 nullum
634 772 716 841 aliud
744 771 945 842 distinctionis
968 790 1066 860 genus
1095 769 1259 860 excogitari

136 894 228 961 posse
245 874 336 943 ceteri
370 873 540 967 philosophi
574 878 695 966 docent.
725 875 765 943 Et
788 895 886 962 sane,
911 872 1011 954 omnis
1033 871 1188 943 distinctio
1211 873 1264 940 vel

135 976 287 1065 praecedit
309 977 421 1048 mentis
442 999 576 1068 operam,
593 979 639 1047 vel
663 997 737 1047 non.
757 975 831 1063 lam,
849 977 874 1046 si
898 976 1067 1065 praecedat,
1084 985 1130 1043 est
1152 975 1256 1054 realia

133 1100 234 1166 secus,
259 1088 305 1150 est
324 1082 466 1161 rathma
491 1081 634 1168 quocirca
661 1078 714 1148 ubi
737 1098 800 1163 nou
822 1088 870 1148 est
890 1098 938 1146 res
960 1076 1127 1163 distincta,
1151 1074 1260 1164 nequit

132 1199 200 1250 esse
222 1179 374 1254 distinctio
400 1191 485 1251 extra
507 1189 655 1250 mentem.
681 1179 808 1270 Insuper
831 1201 884 1268 per
898 1178 1122 1248 distinctionem
1136 1178 1254 1245 virtuo-

132 1279 193 1348 lcre
217 1303 251 1352 ea
273 1283 578 1375 explicatipossuut,
594 1303 672 1372 quae
694 1280 880 1349 distinctioni
904 1281 1032 1368 forrareli
1045 1280 1253 1370 assignantem

132 1402 208 1451 nam
230 1399 268 1453 eo
287 1382 367 1473 ipso,
390 1385 473 1473 quod
502 1405 562 1455 res¹
575 1377 714 1476 pluribus
736 1380 914 1472 aequivalet,
926 1381 1122 1452 ‘definitiones
1145 1380 1253 1468 varias,

132 1483 293 1576 variosque
319 1497 485 1575 conceptus
508 1485 653 1575 admittit,
678 1507 813 1578 quorum
842 1495 924 1556 unus
947 1507 1014 1554 eam
1045 1482 1255 1573 apprehendit,

130 1587 302 1656 secundnm
324 1590 408 1679 quod
430 1589 599 1681 aequivalet
619 1590 685 1681 uni,
702 1600 732 1662 et
746 1589 838 1680 alius,
855 1587 1025 1660 secundum
1048 1589 1131 1678 quod
1152 1586 1256 1676 aequi-

130 1689 212 1758 valet
232 1690 328 1760 alteri.
1240 1692 1243 1699 '

600 2297 787 2369 EFFATA
812 2294 838 2343 '-

175 2553 201 2621 1.
228 2551 617 2627 sansanctissimae
642 2576 739 2627 vano.
765 2550 865 2624 Huius
897 2553 1045 2639 rationem
1068 2575 1094 2624 s.
1119 2548 1254 2624 Thomas

125 2656 172 2724 ita
196 2654 341 2744 namnet:
369 2678 385 2722 c
412 2656 534 2746 Aliquid
562 2656 695 2739 existens
717 2666 803 2725 extra
825 2656 958 2726 animam
974 2667 1128 2745 protento
1143 2657 1255 2727 dicitur

124 2758 264 2844 salsum,
287 2757 359 2848 quia
382 2763 489 2828 natum
513 2768 558 2828 est
580 2759 618 2830 de
651 2781 684 2830 sc
706 2761 801 2830 lacere
836 2759 941 2828 falsam
975 2759 1253 2849 existimationem,

125 2858 255 2948 quando
278 2868 380 2929 movet
403 2859 546 2930 virtutem
571 2860 781 2949 cognitiram3
807 2862 888 2930 uude
911 2871 1032 2953 oportet
1053 2862 1136 2950 quod
1160 2861 1254 2949 illud,

126 2962 215 3051 quod
238 2961 348 3031 falsum
372 2961 493 3050 dicitur,
515 2959 640 3052 aliquod
663 2957 791 3033 cussit:
819 2963 902 3056 unde
922 2983 994 3030 cum
1017 2982 1109 3032 omne
1132 2984 1197 3051 ens,
1222 2965 1254 3033 in

124 3072 282 3153 quantum
307 3061 496 3151 huiusmodi,
520 3061 559 3133 sit
581 3085 698 3151 verum,
723 3075 843 3153 oportet
865 3062 1025 3134 lalsitatem
1042 3062 1073 3130 in
1088 3063 1179 3133 rebus
1193 3065 1255 3132 exi·

125 3174 263 3236 stentem
285 3187 377 3253 supra
401 3164 558 3247 veritatem
580 3165 712 3235 landari:
737 3167 819 3234 unde
842 3163 914 3234 dicit
930 3163 1132 3255 Augustique,
1149 3164 1181 3234 iu
1197 3165 1253 3238 lib.

128 3266 218 3338 Solii.
238 3319 248 3354 ,
271 3287 301 3337 c.
325 3266 364 3356 X,
389 3269 472 3356 quod
495 3267 667 3356 tragaedus,
695 3268 748 3357 qui
772 3275 977 3356 repraesentat
1000 3288 1085 3338 veras
1107 3289 1254 3356 personas

123 3372 161 3440 in
185 3370 320 3459 theatris,
344 3391 407 3439 non
430 3380 508 3439 esset
531 3371 634 3456 salsus,
659 3368 717 3438 nisi
739 3381 819 3440 esset
846 3391 936 3438 verus
971 3370 1146 3458 tragaedus
1171 3370 1253 3439 simi·

125 3472 201 3542 liter
222 3492 321 3561 equus
344 3471 442 3562 pictus
464 3491 528 3541 non
550 3480 629 3542 esset
651 3473 745 3539 lalsus
772 3491 894 3558 equus,
930 3467 988 3537 uisi
1011 3479 1091 3540 esset
1112 3492 1188 3560 pura
1211 3475 1254 3564 pi-

126 3581 229 3643 ctura.
248 3570 318 3640 Nou
347 3582 449 3648 tamen
473 3571 611 3661 sequitur
631 3569 864 3640 contradictoria
886 3589 951 3638 esse
975 3590 1061 3660 uera,
1078 3573 1150 3662 quia
1172 3575 1254 3644 alhr-

124 3675 227 3746 matio
249 3684 281 3743 et
301 3674 435 3762 negatio,
459 3673 629 3743 secuudum
651 3671 734 3761 quod
761 3671 867 3742 dicunt
882 3691 990 3741 verum
1011 3682 1042 3742 et
1064 3675 1255 3763 salsum,uou

118 3775 302 3847 reseruntur
325 3775 362 3843 ad
386 3774 496 3843 iden1¹
515 3797 546 3843 a.
592 3805 594 3809 ’

173 3877 213 3945 ΙΙ..
240 3877 625 3946 F1u1seutusctasraa1
656 3895 721 3946 usu
740 3894 857 3945 nonunt.
894 3873 971 3945 Nam
994 3874 1064 3944 finis
1093 3880 1255 3950 cuiuslibet

118 3980 168 4053 rei
195 3979 306 4069 estid,
332 3977 365 4048 iu
389 3978 472 4069 equod
496 3977 685 4069 taminatus,
707 3979 774 4048 eius
795 3979 957 4067 appetitus:
982 3982 1132 4072 appetitus
1151 3995 1253 4056 autem

164 4196 195 4312 ΙΙ)
217 4237 269 4314 Qll·
291 4236 401 4315 dispe,
422 4235 464 4300 Dc
486 4240 572 4314 Vero,
590 4257 618 4314 q·
636 4239 659 4316 l,
678 4257 716 4301 aa
728 4237 762 4299 10
778 4241 814 4299 ad
832 4239 862 4300 a.
