2760 4770
130 369 257 458 nigrum
280 377 327 437 ost
349 387 500 449 amaruan
525 369 652 438 dulcedo
675 367 758 437 enim
782 388 838 455 par
860 368 998 436 accidens
1021 369 1171 438 convenit
1185 368 1253 457 albo,

135 492 233 558 nerpue
256 473 361 540 album
383 473 500 542 ratione
521 472 687 542 dulcedinis
710 482 757 541 est
778 471 869 562 nigro
890 472 1099 540 contrarium.

181 575 289 643 xxvi.
318 576 579 646 Cuurnnnronuu
612 596 723 645 annau
746 596 806 644 asr
829 595 1027 645 ursarium.
1053 575 1173 644 Sensus
1194 586 1251 645 ast:

134 679 179 746 dd
204 699 297 768 quam
333 680 505 746 facultatem
541 687 655 767 spectat
683 698 750 746 ram
781 675 916 765 aliquam
942 688 1025 746 recte
1047 697 1251 765 cognoscem,

134 792 248 870 spectat
270 782 363 849 ctiam
387 780 468 848 illius
490 780 678 848 contrarium
702 781 898 869 perpendere,
922 781 1103 849 secundum
1127 781 1201 848 illud
1223 803 1250 848 n.

133 881 207 952 xvi
221 883 427 971 explicatum,
458 881 622 949 Contraria
648 881 737 949 iricio
758 902 790 949 se
812 881 911 970 posito
932 892 990 949 etc.
1009 880 1092 950 Hinc
1117 882 1181 970 agit
1201 882 1251 950 ila

132 986 231 1056 dicina
253 988 290 1056 de
312 985 437 1053 sanitato
458 997 488 1052 et
509 984 549 1052 dc
569 985 696 1066 morbo;
722 983 828 1052 Ethioa
850 985 887 1052 de
910 982 1023 1053 virtute
1044 995 1080 1054 et
1098 984 1185 1067 vitio;
1203 984 1252 1051 Lo·

132 1094 200 1184 gica
222 1092 260 1162 de
283 1112 355 1161 vero
388 1101 418 1159 at
441 1090 515 1185 laiso
540 1090 563 1159 ¹.
589 1089 654 1158 Hoc
680 1100 784 1160 autem
816 1091 941 1168 aliatum
975 1089 1117 1158 maxime
1141 1089 1252 1178 respicit
1278 1136 1280 1142 -

132 1194 287 1265 scientiam
311 1217 347 1264 ex
372 1203 438 1262 toto
453 1202 598 1278 sumtam,
615 1193 688 1260 haec
710 1191 842 1261 enimin
863 1212 919 1260 suo
934 1192 1055 1261 ambitu
1072 1193 1169 1260 etiam
1190 1211 1251 1261 con·

132 1297 224 1366 tmria
246 1297 457 1385 amplectitur,
483 1305 574 1384 altpue
597 1295 722 1383 insuper
744 1294 951 1386 accipiendum
966 1298 1072 1374 cstde
1087 1295 1249 1377 contraiis,

132 1399 195 1468 siro
218 1399 376 1487 oppositis,
401 1419 479 1486 quae
502 1397 701 1466 includuntur·
723 1399 782 1491 sub
803 1398 907 1468 eodem
929 1400 1052 1467 ratione
1076 1399 1204 1486 formali
1217 1400 1251 1485 ip

133 1501 198 1571 sius
220 1500 387 1583 scicntiae3
412 1499 484 1569 hinc
505 1521 540 1568 ex
569 1521 607 1570 co
628 1503 710 1593 quod
745 1503 946 1593 metaphysica
969 1524 1020 1573 res
1044 1502 1250 1571 immateriale

132 1608 378 1694 contemplatur,
417 1605 587 1674 materiales
624 1606 715 1674 etiam
738 1626 801 1675 non
824 1609 1016 1696 speculatur,
1041 1609 1159 1676 harum
1182 1607 1250 1676 enim

132 1708 337 1776 consideratio
358 1716 404 1776 est
426 1717 510 1776 extra
533 1709 599 1776 cius
623 1706 811 1779 institutum.

176 1809 296 1880 xxvii.
322 1812 582 1882 Conraruronun
607 1831 717 1880 eaoau
733 1833 793 1883 asr
818 1831 982 1882 soranrrn.
1008 1813 1078 1883 Hoc
1101 1817 1248 1886 allamma

129 1914 279 2002 superiori
302 1913 333 1983 in
355 1936 393 1984 eo
416 1915 528 2000 differt,
543 1917 627 2004 quod
657 1915 778 2006 respicit
794 1915 1007 2005 particularem
1023 1922 1191 1991 scientiam
1206 1922 1248 1990 ali·

129 2014 220 2084 cuius
244 2016 309 2084 rei:
336 2017 458 2106 scilicet,
482 2039 542 2108 qua
565 2017 741 2107 cognitione
771 2040 818 2086 res
842 2020 940 2109 aliqua
964 2024 1185 2114 cognoscitur,
1208 2043 1247 2116 par

128 2117 266 2185 eamdem
290 2118 381 2187 etiarn
405 2120 601 2209 cognoscitur
623 2120 688 2190 eius
711 2119 900 2188 contrarium
913 2120 940 2204 ²3
955 2143 1040 2212 nam,
1059 2136 1096 2194 ut
1111 2126 1246 2197 anteacti·

129 2228 215 2288 ctum
238 2223 461 2308 cst,coatraria
484 2245 501 2290 a
525 2245 557 2294 so
581 2233 692 2292 mutuo
720 2224 753 2292 in
773 2222 954 2312 cognitione
976 2226 1170 2315 dependent.
1195 2230 1245 2310 tim

129 2321 163 2389 in
185 2343 218 2390 rc
241 2323 304 2393 duo
326 2324 498 2394 adnotanda
533 2336 627 2395 suut:
655 2326 687 2394 Γ
716 2324 879 2394 Contraria
909 2325 959 2396 hic
980 2328 1181 2418 accipiuntur
1203 2353 1244 2421 pro

129 2445 327 2516 quocumque
349 2429 499 2517 opposito.
526 2429 603 2497 Nam
626 2431 670 2497 vel
695 2419 738 2497 ea'
751 2447 784 2497 se
806 2429 918 2497 habent
934 2430 978 2498 uti
993 2451 1043 2504 res
1059 2442 1091 2502 ct
1107 2435 1242 2524 privatio,

131 2530 180 2596 vol
203 2530 327 2618 negatio
349 2532 416 2617 rei,
440 2542 471 2600 et
494 2541 568 2600 tunc
591 2529 730 2620 privatio,
756 2550 809 2597 seu
831 2530 954 2620 negatio
977 2535 1184 2622 cognoscitur
1204 2553 1243 2626 por

131 2652 196 2698 rem
220 2631 314 2719 illam,
339 2653 431 2720 quam
455 2633 552 2700 aulert
576 2633 732 2722 privando,
756 2642 810 2700 aut
832 2642 936 2722 negat,
953 2655 982 2703 e.
1001 2656 1051 2723 g.,
1070 2640 1189 2707 malum
1205 2651 1245 2730 ptr

27 2760 31 2769 ·
132 2733 300 2823 oppositam
325 2735 454 2802 sormam
478 2733 563 2820 boui,
587 2734 717 2802 nihilum
742 2756 794 2823 per
815 2735 880 2803 eius
903 2738 1093 2826 oppositum,
1113 2743 1244 2832 quodid

37 2921 43 2929 Ι
129 2846 196 2925 aas,
216 2837 427 2929 cognoscitun
445 2840 491 2908 rol
507 2849 707 2930 opponuntur
728 2838 774 2907 uti
796 2840 922 2928 proprie
942 2851 973 2909 et
995 2844 1102 2912 stride
1137 2857 1242 2915 contra·

130 2940 197 3028 ria,
222 2949 252 3010 et
281 2942 320 3011 ita
348 2963 448 3012 unum
481 2944 678 3032 cognoscitur
699 2963 752 3031 per
774 2945 927 3032 alterum,
953 2955 989 3012 ut
1011 2946 1112 3016 virtus
1137 2970 1191 3038 par
1209 2948 1243 3016 ri

127 3043 218 3131 tium,
242 3054 273 3112 ct
296 3043 449 3128 uicissim3
474 3046 518 3112 val
543 3055 616 3111 sunt
638 3044 775 3134 opposita
799 3044 934 3133 rotatico,
957 3054 988 3114 el
1012 3055 1091 3116 tunc
1115 3049 1193 3119 sicut
1213 3069 1242 3118 u·

126 3163 204 3215 num
227 3165 289 3213 non
314 3155 411 3235 potest
434 3165 498 3215 esse
520 3145 586 3214 sinc
608 3147 715 3232 altero,
730 3143 771 3212 ita
795 3149 851 3214 nce'
872 3147 1029 3234 cognosci.
1055 3149 1089 3218 2⁹
1114 3154 1241 3222 Altemn

59 3304 62 3307 .
125 3245 334 3339 oppositorum
355 3268 414 3338 per
435 3269 466 3317 sc
484 3259 514 3317 et
529 3249 681 3336 primario
703 3246 737 3316 in
759 3250 864 3317 eadem
888 3247 1009 3317 scientia
1025 3253 1238 3338 consideratur,

126 3350 256 3419 alterum
278 3351 480 3437 secundario,
503 3371 562 3441 per
582 3351 734 3438 occidens,
759 3361 790 3419 et
812 3373 851 3420 ecc
873 3351 1025 3420 occosioto
1046 3357 1239 3442 perfectiora.

126 3452 170 3521 ita
192 3460 378 3542 cognoscens
402 3450 586 3539 sanitatem,
616 3461 836 3540 consequenter
858 3452 1017 3542 cognoscit
1040 3455 1135 3525 ctiam
1158 3456 1240 3526 ratio-

125 3577 198 3628 nem
213 3555 327 3643 morbi,
344 3558 450 3624 saltem
465 3566 616 3645 quatenus
641 3554 767 3643 privatio
788 3564 845 3626 est.
863 3554 940 3624 ilinc
956 3575 1065 3624 sensus
1081 3559 1168 3628 eliati
1189 3570 1239 3646 est,

123 3659 206 3749 quod
230 3656 364 3748 cognitio
387 3656 512 3728 alterius
534 3655 666 3747 oppositi
690 3658 726 3725 lit
742 3678 805 3728 non
820 3658 927 3727 codem
949 3665 1021 3728 actu
1042 3660 1240 3753 formalisod

123 3771 245 3831 tantum
268 3761 503 3832 occasionaliter.

168 3864 302 3934 Praestat
324 3865 424 3932 etiarn.
444 3886 516 3932 cum
540 3863 709 3955 Seraphyco
739 3863 870 3933 Doctore
898 3862 1048 3934 rationem
1070 3867 1237 3949 adnotaret

125 3965 165 4033 ob
187 3986 279 4054 quam
304 3966 528 4035 contrariorum
552 3967 657 4034 eadem
689 3976 735 4036 est
757 3966 904 4054 scientia,
929 3978 959 4036 at
981 3987 1045 4036 non
1069 3967 1154 4038 idem
1176 3970 1241 4042 alie·

124 4077 203 4136 ctus:
232 4088 246 4132 a
266 4066 366 4136 Prima
389 4069 514 4156 quidem
537 4068 613 4138 ratio
635 4078 692 4156 est,
709 4068 780 4159 quia
804 4070 943 4139 uoluntas
966 4082 1086 4162 separat
1111 4095 1147 4144 oa
1168 4094 1238 4168 quae

148 4222 186 4343 ἰ)
204 4270 266 4330 vra.
287 4287 312 4329 s.
333 4272 449 4347 riom,
474 4273 506 4330 ιι
522 4273 629 4347 ΞΜ.
647 4274 718 4348 arv,
737 4289 764 4332 a.
784 4274 803 4333 2
822 4273 858 4332 aa
879 4272 974 4350 μμ)
993 4274 1057 4334 rra.
1078 4284 1108 4350 p.
1127 4269 1175 4336 aa.
1196 4279 1199 4287 ’
