2760 4770
170 196 191 259 t»
603 234 647 245 -
671 198 694 262 ‚l
720 234 764 245 -

127 312 186 377 tiae
208 311 359 400 passim?
384 331 447 377 nou
468 323 514 377 cst
535 313 660 400 quidem
687 311 837 394 timidis,
862 311 913 374 sed
939 310 1049 377 tohdis.
1077 312 1168 378 Circa
1189 311 1243 379 hu·

127 413 257 481 iusmodi
281 411 434 497 duplicem
468 412 680 478 abstractionis
711 411 840 500 speciem
868 411 941 477 haee
976 412 1065 477 etiam
1101 414 1244 481 adnotate

128 525 272 602 praestat.
296 513 451 579 Alfttacta
475 515 568 603 priori
592 513 721 581 tatione.
740 534 827 580 secus
850 535 884 579 ac
908 514 970 581 illa.
990 513 1020 578 iu
1044 515 1163 601 quihus
1183 517 1245 582 abs·

126 615 234 683 tractio
255 627 302 682 est
321 615 484 701 sonnatii,
509 615 543 682 l'
566 614 730 702 significari
759 627 886 702 possunt
916 615 948 679 in
972 623 1120 689 misceto,
1146 638 1176 684 e.
1204 639 1243 705 g,

130 741 145 780 t
171 718 266 785 homo
298 718 490 805 significatur
511 718 621 806 utqui
649 719 738 785 halet
773 718 993 783 humanitatem
1021 741 1050 783 n:
1082 719 1116 786 2·
1145 742 1161 781 ι
1188 738 1246 786 nou

125 819 329 908 probibentur
351 820 462 888 habene
483 819 596 908 aliquid
612 819 708 887 aliud.
724 817 806 907 quod
821 839 883 884 uon
899 819 1026 905 pertinet
1042 820 1080 886 ad
1097 821 1244 888 tationem

127 921 264 1010 (nempe
286 924 469 1012 csmtiun)
497 923 632 1007 tutum,
667 922 726 989 uisi
760 923 861 987 solum
895 921 977 1008 quod
1001 933 1047 988 est
1070 922 1245 1010 oppositum

127 1024 188 1093 bis.
213 1025 252 1090 Et
275 1025 343 1092 idco
365 1027 462 1092 homo
476 1079 485 1092 .
500 1077 533 1094 ..
559 1037 657 1114 potest
679 1023 791 1112 aliquid
815 1024 897 1090 aliud
926 1024 1048 1104 habere,
1071 1045 1169 1110 qinom
1193 1025 1247 1090 bu·

127 1127 334 1193 manitatem¹
361 1152 392 1191 ι.
418 1128 441 1192 E
463 1128 638 1211 contrario,
662 1126 840 1192 lancinandus
868 1145 931 1193 nou
960 1124 1019 1192 uisi
1042 1124 1078 1189 iu
1100 1124 1248 1192 abstracto

127 1227 326 1314 significatur,
350 1241 381 1294 et
402 1229 548 1315 quoniam
565 1230 663 1294 solam
684 1228 726 1293 rei
742 1229 903 1293 essentiam
920 1225 1043 1311 iudicat,
1067 1226 1146 1293 nibil
1169 1227 1247 1294 aliud

127 1340 244 1414 praeter
267 1330 362 1418 ipsam
385 1329 525 1397 exhihere
548 1340 657 1417 potest.

172 1429 224 1497 Xl.
249 1433 456 1501 dusiuscato
490 1452 708 1500 sectatrs—
727 1434 933 1500 dnsrutcno
957 1449 1167 1499 rntcctstrs.
1192 1431 1248 1500 Ab·

127 1526 252 1601 structio
272 1538 416 1622 heptatico
436 1547 482 1604 est
505 1558 552 1605 ca.
576 1557 636 1623 qua
661 1556 723 1602 nou
752 1535 845 1602 modo
866 1533 1037 1622 concipitur
1059 1557 1161 1602 uniam
1186 1536 1248 1607 siue

129 1634 200 1721 aliu,
223 1657 294 1702 cum
316 1659 380 1724 quo
402 1639 598 1705 coniunctum
621 1649 690 1722 est,
721 1640 772 1704 sed
796 1648 925 1721 negatur
946 1637 1036 1702 etiam
1061 1638 1102 1704 illi
1127 1641 1246 1724 inesse;

127 1736 172 1801 uti
195 1739 219 1803 si
243 1740 386 1826 parietem
410 1744 645 1830 apprehendam,
670 1761 731 1806 nou
754 1741 941 1829 apprehensa
965 1739 1145 1825 albitudine,
1171 1763 1245 1830 quae

128 1837 160 1903 iu
183 1852 309 1925 coest,
333 1853 364 1908 ct
387 1843 505 1910 dicam:
538 1847 643 1934 pmies
670 1864 728 1908 nou
752 1850 794 1908 est
817 1842 912 1911 duic.
948 1841 1119 1910 ⁴lhstmctio
1148 1856 1248 1912 autem

128 1942 328 2024 praecisionis
341 1955 388 2010 est
402 1967 462 2031 qua
486 1967 583 2012 uuum
605 1955 707 2011 mente
729 1942 902 2028 concipitur
924 1942 989 2007 sine
1003 1944 1112 2027 attero,
1137 1946 1248 2034 absque

128 2041 342 2129 affirmatione,
366 2057 420 2110 aut
443 2049 624 2132 negatione,
648 2048 784 2130 adeoque
812 2044 901 2108 etheit
926 2056 959 2107 ut
986 2044 1155 2113 intellectus
1179 2069 1248 2114 con·

127 2140 239 2210 sidetet
262 2145 451 2233 subiectum,
477 2171 539 2217 uon
562 2149 664 2214 hahita
689 2147 805 2213 ratione
828 2146 956 2213 alicuius
978 2147 1153 2226 accidentis;
1180 2162 1247 2236 puta

132 2240 158 2307 si
183 2246 327 2332 parietem
352 2248 418 2315 sine
440 2250 605 2316 albitudine
617 2250 797 2336 intelligam,
810 2248 884 2315 nihil
908 2247 1099 2334 affirmando,
1114 2250 1248 2339 nihilque

128 2349 282 2433 negando.
319 2349 376 2418 Per
397 2353 476 2418 hauc
498 2352 730 2420 abstractionem
763 2350 933 2417 intellectus
961 2370 1055 2437 agens
1078 2352 1246 2419 considerat

129 2452 292 2517 essentiam
317 2453 361 2520 tei
383 2455 422 2521 ab
444 2454 649 2523 accidentibus
671 2453 854 2538 seiunctam,
871 2464 902 2519 et
925 2451 1051 2541 speciem
1076 2451 1247 2541 intelligibi-

127 2552 187 2618 lem
211 2555 351 2623 etlormat
367 2556 393 2624 ².
431 2558 567 2625 Primum
590 2554 801 2624 abstractionis
831 2575 929 2641 genus
952 2552 1063 2618 dicitur
1085 2551 1175 2620 etiam
1199 2555 1247 2621 ab

128 2653 266 2751 strodere
287 2680 344 2743 per
371 2659 498 2726 modum
519 2658 743 2744 compositionis
769 2662 796 2720 et
818 2654 1000 2731 dic=isionis;
1025 2656 1169 2736 alterum,
1194 2677 1247 2743 per

127 2756 255 2822 modom
277 2757 490 2846 simplicitatis.
508 2781 523 2821 c
539 2757 730 2841 hbshahere,
756 2756 855 2841 inquit
882 2775 909 2821 s.
927 2753 1073 2839 Thomas,
1097 2756 1248 2844 contingit

128 2856 298 2943 dupliciter:
324 2878 389 2926 uno
410 2859 503 2926 modo
522 2881 580 2948 per
609 2858 736 2925 modum
764 2856 995 2946 compositionis
1016 2868 1047 2923 et
1069 2857 1247 2946 divisionis,

127 2955 206 3024 sicut
229 2980 300 3026 cum
325 2960 525 3048 intelligimus
547 2961 660 3048 aliquid
682 2980 745 3028 nou
772 2979 837 3027 esse
860 2958 892 3025 iu
915 2945 985 3040 atio,
1010 2961 1055 3026 rel
1078 2983 1144 3030 esse
1166 2985 1249 3050 sepa·

126 3067 227 3126 ratum
251 3062 290 3127 ab
311 3083 366 3130 eo:
391 3064 451 3128 alio
474 3063 568 3130 modo
590 3085 643 3150 per
666 3065 793 3129 modum
817 3060 1041 3150 simplicitatis,
1077 3063 1156 3131 sicut
1178 3087 1250 3134 cum

127 3158 328 3248 intelligimus
352 3186 462 3252 unum,
486 3165 559 3232 nihil
583 3165 801 3233 considerando
823 3165 861 3232 de
882 3163 943 3232 alio
967 3161 977 3199 ³
1003 3187 1032 3232 i.

171 3260 235 3328 Xlt.
262 3265 1038 3338 Ansruicrtve—lnrumtvu-Cournuunusrvn.
1075 3266 1250 3337 Praedicau-

128 3363 257 3433 turbae
280 3387 367 3435 voces
388 3369 425 3436 dc
446 3372 633 3459 cognitione.
671 3371 863 3441 Abstrcdioa
896 3368 1035 3456 cognitio
1057 3390 1091 3436 ea
1114 3371 1246 3459 dicitur,

128 3485 188 3551 qua
212 3486 260 3536 res
283 3489 347 3536 nou
369 3472 572 3559 cognoscitur
588 3476 680 3560 p‘rout
703 3472 735 3540 iu
751 3469 847 3558 seipsa
861 3483 919 3556 est,
942 3473 1083 3557 eoquod
1108 3493 1160 3560 per
1182 3495 1250 3564 spe-

125 3565 203 3634 ciem
227 3570 351 3642 alterius
373 3567 418 3640 rei
442 3574 689 3663 apprehenditur.
716 3572 880 3660 Intuitioa,
907 3593 968 3660 qua
991 3593 1051 3659 res,
1065 3572 1110 3640 uti
1135 3574 1167 3642 iu
1191 3577 1250 3646 sei-

168 3780 191 3847 t)
210 3781 271 3839 Vid.
291 3805 315 3843 s.
335 3789 449 3858 Thom„
472 3789 567 3860 Super
587 3789 665 3845 Boct.
686 3791 723 3847 de
742 3789 984 3860 Hebdomadibus,
996 3793 1061 3851 loct.
1081 3794 1104 3849 t.

161 3865 187 3931 2)
209 3868 268 3923 viu.
291 3874 460 3930 Intellectus
478 3890 578 3945 apetie,
600 3875 650 3928 litt.
667 3876 693 3928 1,

164 3947 187 4016 ⁸)
206 3951 226 4019 l,
246 3973 272 4024 q.
294 3957 430 4029 LXXXV,
450 3959 503 4013 a.l
526 3961 572 4012 ad.
590 3958 613 4013 1.
628 3959 687 4013 lsoe
701 3949 793 4030 genus
810 3960 1010 4017 abstractionis
1029 3979 1051 4017 s.
1074 3963 1253 4036 Augustinus

130 4031 220 4091 innuit
239 4041 281 4096 his
300 4044 404 4098 vcrhie.
437 4057 450 4096 t
473 4041 529 4095 tntu
550 4058 638 4110 porro
657 4045 694 4098 ab
712 4060 760 4113 eo,
781 4046 857 4114 quod
877 4055 919 4101 est
940 4047 967 4099 iu
988 4052 1138 4117 anennoeto,
1161 4055 1253 4108 antini

123 4117 383 4262 Ιῆἱίειὲιενονιονο,
397 4127 464 4182 nihil
478 4128 716 4199 estaliud,qua1u
737 4147 793 4186 uon
813 4131 879 4186 lude
892 4133 1023 4204 cogitare
1037 4150 1063 4206 ις
1086 4135 1127 4192 De
1148 4138 1249 4211 Trio,

136 4218 143 4255 t
167 4244 173 4258 ·
236 4225 289 4278 ,c.
309 4211 337 4267 8.
