2760 4770
143 386 191 450 tur
214 383 256 448 est
272 375 538 445 innnediotissirnu
552 377 689 446 onerum
706 378 730 443 ¹.
749 377 846 466 Agere
861 397 933 447 vero
947 376 1194 448 inenreciiotione
1206 399 1269 468 rrrp·
1291 466 1293 475 Ι

139 482 232 570 positi
253 489 310 565 cst,
335 499 407 549 cnm
431 478 510 546 inter
540 476 732 569 suppositum
757 500 851 568 egens
872 490 901 547 et
924 479 1075 549 effectum
1094 503 1161 552 non
1186 480 1293 557 inter-i

141 581 222 650 cedit
243 581 326 649 atiud
355 580 559 670 suppositum,
584 602 649 666 scu,
674 592 719 667 est
742 583 860 672 operari
884 603 937 672 per
963 582 1122 653 virtutem
1146 585 1269 653 existen·

143 694 204 752 tem
228 684 259 752 in
282 683 348 774 ipso
370 696 479 774 agente
507 706 572 754 non
596 696 750 776 receptum
772 684 804 753 in
825 685 887 755 elio
909 686 1106 776 supposito,
1131 690 1217 776 quod
1236 686 1268 756 sit

140 795 296 874 tamquam
321 786 457 856 medium
487 809 550 877 quo
573 799 655 876 ogau
680 797 809 857 utrum
832 787 912 877 ignis
934 787 1134 858 calefacitcx
1166 791 1267 858 sesnin

140 909 241 956 ocrem
263 887 323 956 sibi
346 891 541 977 contiguum.
557 885 706 968 Quocirca
729 889 792 978 agit
807 890 907 957 solum
923 890 1169 960 irnmede'utione
1181 891 1267 959 uirtu-

140 994 190 1078 τίς,
213 1002 245 1060 ct
267 1011 330 1060 non
352 993 579 1061 irnrnediotionc
605 994 755 1082 suppositi
779 993 871 1081 illud,
896 994 980 1082 quod
1003 995 1075 1083 agit
1100 1016 1158 1084 per
1180 996 1263 1064 virto-

143 1103 205 1161 tem
228 1114 316 1161 suom
339 1107 490 1185 receptam
514 1096 547 1164 in
576 1096 638 1164 olio
659 1097 828 1186 supposito,
855 1098 938 1186 quod
960 1095 1002 1167 sit
1024 1107 1197 1186 tamquam
1217 1120 1265 1168 ne

138 1194 225 1263 dium
265 1194 331 1265 telis
353 1195 506 1279 actionis;
547 1207 619 1284 puto
647 1218 721 1266 cum
744 1198 823 1288 ignis
854 1198 991 1269 colesucit
1024 1219 1137 1268 aerem
1176 1222 1261 1270 remo·

138 1306 206 1365 tum
229 1318 282 1387 per
315 1300 447 1369 celerem
480 1298 684 1387 existentem,
714 1309 743 1367 et
765 1311 920 1388 receptum
948 1297 1079 1369 inacte
1115 1305 1257 1391 proximo.

139 1398 218 1467 Hinc
240 1419 304 1488 quo
336 1418 430 1488 agens
461 1410 507 1470 est
529 1400 640 1488 prius,
674 1421 710 1470 eo
733 1400 835 1472 minus
866 1403 1105 1474 irnmediutione
1127 1404 1260 1493 suppedit

137 1500 211 1588 agit,
235 1511 308 1588 putu
331 1501 407 1589 Rex,
429 1504 482 1591 qui
505 1523 560 1590 per
581 1502 744 1591 imperium
771 1525 862 1574 suum
887 1507 982 1573 multa
1004 1505 1151 1575 efficitzr
1177 1507 1259 1576 Tanto

136 1601 232 1670 maior
254 1603 423 1675 ostenditur
445 1605 562 1693 egentis
586 1604 693 1692 virtue,
718 1615 834 1694 quanto
858 1605 890 1673 in
912 1626 963 1694 co,
995 1628 1082 1696 quae
1106 1621 1184 1678 sunt
1205 1629 1256 1678 mr·

134 1703 182 1794 gis
204 1704 369 1793 distentia,
395 1714 494 1796 potest
517 1726 605 1775 suum
627 1705 834 1793 operutionem
855 1707 1018 1776 extendere
1046 1709 1060 1747 ²
1091 1736 1123 1783 n.
1153 1711 1191 1780 Ε.
1214 1735 1250 1802 ρ,

140 1829 154 1872 ι
181 1807 272 1898 igme,
298 1808 322 1881 si
346 1811 386 1880 sit
406 1810 526 1896 dehine,
551 1811 653 1878 seium
682 1808 851 1898 propinque
874 1808 1022 1892 calefacit3
1050 1811 1079 1879 si
1102 1824 1209 1884 autem
1226 1812 1254 1883 st

137 1911 250 1998 sertin,
275 1910 366 1981 etium
390 1920 504 1980 remoto
529 1909 583 1979 ἰ.
608 1910 696 1988 Quod
724 1920 825 1978 temen
854 1909 891 1979 dc
913 1910 977 1980 Deo
999 1911 1064 1982 dici
1090 1916 1254 2005 nequitu

135 2011 218 2080 onim
241 2014 328 2082 docet
350 2034 376 2084 s.
401 2013 543 2099 Thomas,
565 2034 579 2076 ι
605 2011 691 2098 iliud,
716 2013 799 2100 quod
821 2011 885 2101 egit
907 2033 1070 2104 persuum
1087 2018 1250 2103 absentiam,

136 2134 199 2183 non
221 2102 268 2182 cst
289 2135 380 2183 cuusn
403 2113 540 2202 proximu
563 2112 630 2183 eius
652 2114 734 2201 quod
758 2115 806 2201 nr,
830 2115 882 2182 sod
905 2124 1036 2183 remota.
1057 2117 1146 2190 Deus
1168 2128 1251 2189 auten

134 2215 309 2285 immediate
332 2216 365 2284 in
389 2217 538 2306 {omnibus
563 2227 707 2305 operetur
728 2217 743 2257 ⁴
771 2243 801 2284 ι.
825 2217 971 2296 Quocirca
994 2218 1194 2292 Deus'ctiem
1208 2227 1251 2292 in*

134 2317 317 2386 mediatione
332 2318 481 2408 rrtpporiti
499 2317 573 2406 egit,
590 2316 740 2405 siquidem
756 2318 837 2388 licus
852 2329 897 2386 est
913 2331 1035 2388 suomet
1048 2321 1168 2396 virtus.
1184 2320 1251 2406 Qud

130 2441 238 2489 rerum
261 2433 317 2509 est,
341 2421 459 2490 etiunrsi
484 2420 564 2489 Deus
588 2420 696 2490 mediis
719 2421 819 2491 causis
841 2423 982 2492 secundis
995 2433 1084 2513 agat,
1112 2448 1189 2496 num
1209 2427 1250 2495 uc

130 2522 364 2611 intclligcndum
387 2533 443 2610 est,
467 2536 619 2612 [prutenus
642 2544 752 2593 causae
775 2527 923 2593 secundun
945 2524 1044 2594 simut
1069 2539 1175 2616 egunt
1195 2546 1248 2599 rou

132 2625 223 2713 Deo,
247 2636 278 2695 ct
299 2627 331 2694 in
355 2627 506 2716 operando
529 2629 568 2695 ob
591 2627 688 2716 ipsius
710 2628 764 2695 Dei
787 2648 940 2695 concursu
973 2628 1157 2716 dependent
1169 2655 1179 2716 ;
1203 2648 1249 2701 out

132 2748 205 2797 vero
227 2737 377 2818 quatenus
399 2728 462 2798 sint
484 2729 598 2818 eliquid
633 2729 768 2799 medium
792 2729 872 2798 intcr
895 2729 1021 2817 Deum,
1046 2742 1078 2800 et
1103 2735 1244 2819 effectum,

135 2831 222 2918 quasi
246 2831 325 2899 Deus
350 2852 402 2922 per
424 2832 557 2921 aliquem
582 2833 713 2900 sormam
737 2833 768 2901 in
791 2832 836 2901 eis
859 2840 1008 2922 receptum
1033 2847 1122 2923 aget.

175 2932 224 3004 tv.
249 2932 411 3019 incuruo,
437 2957 477 3005 nr
502 2934 633 3005 Dnsrrro
657 2955 719 3005 run
742 2955 866 3007 onnmu
882 2955 959 3005 usse
977 2955 1156 3009 nur—ron
1174 2954 1244 3008 utu·

128 3054 197 3105 uun
221 3057 295 3107 essu
320 3057 387 3107 um.
403 3037 572 3106 Terminus'
587 3045 655 3104 tum
678 3036 865 3126 inceptionis,
887 3045 953 3104 tum
977 3036 1141 3107 rectionis
1164 3044 1245 3130 potest

127 3155 194 3206 esse
216 3138 407 3223 irrtrirneenr,
420 3140 466 3205 vei
490 3138 687 3209 ectrinsecuc.
713 3137 876 3209 Terminus
904 3138 1091 3207 intrinsecus
1117 3141 1245 3232 inceptr'r

124 3237 175 3305 nir
197 3244 243 3305 cst
266 3235 341 3304 iliud
365 3237 491 3324 instans,
518 3237 550 3305 in
572 3261 634 3328 quo
658 3239 787 3307 hebetur
810 3242 848 3309 do
872 3259 904 3308 rc
925 3239 1040 3326 atiquo,
1064 3243 1154 3327 qnod
1178 3259 1245 3310 uuor

125 3347 183 3426 est,
207 3347 238 3406 ct
260 3336 431 3407 immediate
454 3350 523 3408 unte
547 3362 609 3408 non
633 3351 708 3409 crat:
726 3364 740 3405 ι
759 3341 894 3430 Incipere
910 3342 1055 3428 importet
1071 3363 1161 3414 nunc
1180 3364 1242 3429 ecre,

125 3449 158 3510 et
179 3456 244 3508 non
280 3438 364 3528 prius
387 3442 401 3480 ⁸
428 3463 473 3523 n;
497 3442 709 3530 extrinsecus,
745 3442 862 3531 inquo
890 3443 1020 3512 hebetur
1056 3447 1146 3533 quod
1177 3466 1244 3517 nuuc

127 3559 192 3610 non
214 3551 283 3629 est,
307 3551 338 3611 et
360 3541 531 3613 immediate
553 3551 623 3630 post
645 3542 714 3613 erit.
747 3542 870 3612 Primus
893 3551 1023 3612 vocatur
1045 3545 1182 3637 inceptio
1198 3565 1245 3640 per

124 3642 264 3735 primum
287 3663 348 3712 esce
371 3644 429 3732 rei,
459 3643 625 3730 sccundus,
645 3644 867 3734 pernitionem
888 3663 950 3714 nort
972 3664 1047 3716 esre.
1066 3646 1247 3719 intrinsecos

166 3820 192 3893 ¹)
208 3821 239 3885 to
258 3821 308 3880 lib.
327 3819 340 3877 1
357 3823 450 3893 Sent,
470 3822 540 3881 Dist.
560 3821 701 3896 xxxvtt,
719 3841 748 3897 q.
768 3824 792 3898 t,
808 3839 837 3881 ιι.
858 3821 873 3879 1
892 3824 928 3882 ud
946 3823 976 3882 t.
996 3824 1062 3884 vid.
1081 3841 1115 3899 ρ.
1133 3825 1182 3889 75.

162 3906 188 3974 2)
205 3904 241 3961 2⁸
257 3906 316 3978 220,
335 3924 363 3979 q.
384 3906 476 3978 cuxt,
494 3922 523 3963 e.
543 3903 561 3961 7
580 3906 617 3961 nd
638 3904 665 3962 l.

163 3989 188 4060 ³)
210 3990 309 4050 Conrr.
332 3991 430 4064 Gerre,
449 3992 499 4048 tib.
520 3991 557 4063 11,
577 4008 604 4048 c.
623 3990 652 4049 6,

160 4075 186 4147 ⁴)
203 4075 233 4132 ln
254 4075 302 4131 tib.
321 4075 332 4130 1
353 4076 444 4144 Sent,
462 4077 518 4133 loc.
537 4076 588 4136 eit.
609 4077 647 4134 ed
664 4073 693 4134 2.
712 4075 776 4135 Vid.
794 4076 817 4149 t,
838 4091 867 4150 q.
887 4075 958 4150 vm,
977 4091 1005 4135 u.
1030 4076 1046 4134 l
1066 4079 1105 4137 ud
1129 4078 1161 4139 3.

161 4161 187 4234 5)
204 4159 235 4230 3,
253 4178 282 4231 q.
303 4158 376 4233 th,
395 4175 423 4215 a.
443 4157 461 4216 9
480 4160 516 4218 ed
534 4158 563 4217 2.
