2760 4770
554 279 714 346 -t-
1106 288 1150 358 15

72 394 177 464 actim
199 396 235 464 de
258 393 426 465 substantia
450 392 656 466 diciturillud
673 417 796 484 nomen,
813 396 895 486 quod
916 397 961 466 ab·
978 399 1193 491 accidentibus,

72 517 152 582 quac
173 496 200 564 oi
223 498 339 583 insunt,
356 499 546 580 ellormator,
564 520 646 587 eg„
663 501 688 568 si
710 499 827 567 Socrati
848 488 999 588 sopietdiu
1024 503 1113 591 inest,
1138 501 1206 574 no?

73 619 144 687 men
167 602 310 690 supientia
323 623 340 669 a
355 601 506 692 cupientia
521 603 716 671 efformatum
738 601 794 699 ipsi
808 602 971 672 convenire
989 605 1092 689 debet,
1116 604 1198 676 unde

73 704 195 791 sopiens
216 702 361 772 dicendus
383 713 441 771 est.
467 701 598 771 Nomina
621 703 750 770 univoca
780 697 1129 795 rpuooimo,aequlrooa
1144 707 1200 778 do·

72 822 231 892 moopotc,
247 803 472 872 denominativa
492 812 712 893 percuperet
730 801 857 872 Graecis
880 807 1071 894 appellantur
1087 807 1113 879 ¹.
1139 812 1199 896 Sp·

70 910 199 976 nonime
232 928 343 977 verua
373 907 532 976 nonnullis
558 905 618 984 dici
646 903 746 975 solent
769 925 832 975 non
859 907 961 994 solum
982 926 1076 996 quae
1092 921 1199 978 contra

70 1007 257 1097 ttomortpmu
284 1011 530 1098 distinguuntur,
544 1029 651 1077 verum
672 1009 763 1077 etiarn
781 1009 866 1095 plura
882 1011 1007 1078 nomina
1023 1031 1122 1079 unum
1136 1012 1197 1081 de·

69 1111 225 1200 ululantia,
250 1113 362 1202 quibus
385 1113 464 1182 idem
491 1122 656 1201 conceptus
674 1111 857 1199 respondet,
881 1113 1039 1198 uticanis,
1062 1114 1194 1202 plodite,

68 1233 187 1294 mucra
212 1234 290 1304 quae
313 1213 434 1304 proprie
453 1214 652 1302 polyonyma,
677 1233 731 1281 seu
754 1212 917 1281 multivoce
939 1211 1063 1290 dicenda
1084 1227 1169 1283 suut.

112 1315 221 1385 XXXl.
245 1317 412 1386 Auaeoom
437 1314 914 1386 arrurourroms-duatoom
940 1333 1190 1409 raoroorroars.

66 1416 220 1506 dnolopio
252 1416 459 1486 attributionis
480 1414 592 1484 dicitur
612 1436 647 1483 ea
665 1436 682 1502 ,·
698 1415 787 1483 cuius
802 1466 806 1472 .
821 1416 944 1484 termini
978 1417 1058 1486 idem
1080 1439 1193 1488 nomen

66 1530 196 1587 sumunt
218 1519 385 1607 abaliquo,
403 1513 453 1583 coi
475 1535 524 1582 res
547 1515 600 1584 illo
623 1514 749 1583 nomine
768 1515 949 1605 significata,
962 1512 1014 1589 'et
1036 1519 1074 1587 ad
1096 1543 1190 1609 quam

65 1620 124 1709 ipsi
146 1622 278 1710 quodam
298 1615 420 1688 'tatione
442 1618 643 1706 reseruntur,
667 1616 875 1707 principaliter
899 1620 1052 1688 conrodit.
1078 1621 1115 1689 tt.
1140 1644 1188 1712 g,

63 1723 207 1811 oaolopiu
229 1721 433 1792 attributionis
455 1718 602 1788 dicuntur
629 1738 707 1788 sotto
729 1719 834 1808 cibus,
846 1721 996 1790 medicina
1018 1733 1051 1791 et
1072 1727 1189 1812 pulsae,

63 1824 137 1910 quia
161 1823 404 1914 unumquodque
436 1841 545 1890 eorum
568 1842 683 1891 nomen
713 1826 782 1892 aaut
817 1835 977 1893 mutuatur
1008 1829 1188 1917 asapitate,

63 1945 143 2014 quae
164 1926 288 1995 animali
312 1925 443 2014 proprie,
467 1935 499 1992 et
526 1922 734 2014 principaliter
756 1925 915 2013 convenit,
935 1939 965 1997 et
988 1929 1025 1996 ad
1048 1952 1141 2018 quam
1155 1951 1189 1998 a·

61 2030 147 2118 liquo
169 2033 264 2101 modo
285 2030 471 2111 reseruntur,
497 2049 570 2096 nam
585 2027 673 2099 cibus
688 2028 800 2097 dicitur
822 2050 925 2112 aanor,
943 2030 1013 2119 quia
1029 2034 1189 2102 sanitatem

61 2131 244 2223 incorpore
266 2129 407 2202 animalis
434 2140 604 2218 conservat,
636 2130 809 2218 medicina,
833 2132 904 2220 quia
927 2133 1009 2202 illam
1030 2136 1184 2223 producit,

60 2235 191 2323 pulsus,
215 2233 288 2323 quia
310 2234 392 2302 illam
427 2231 577 2322 patefacit.
603 2230 708 2321 ltem,
733 2235 771 2302 de
792 2235 964 2321 quantitate
984 2247 1016 2307 et
1037 2239 1187 2326 qualitate

60 2357 175 2407 nomen
197 2338 274 2406 eutis
295 2336 466 2405 secundum
499 2336 675 2423 ouutopiom
697 2337 901 2406 ottrttutiooir
922 2336 1130 2409 communiter
1141 2341 1188 2410 di-

58 2443 159 2529 citur,
183 2441 255 2530 quia
279 2438 354 2509 illud
384 2439 509 2509 trahunt
530 2458 548 2506 a
570 2438 750 2525 substantia,
774 2459 792 2505 a
814 2459 873 2526 qua
897 2442 1056 2528 pendent,
1080 2453 1112 2511 et
1134 2445 1185 2512 coi

56 2562 110 2613 eur
148 2563 202 2634 per
223 2563 281 2630 se,
311 2562 347 2610 ac
371 2540 497 2632 proinde
526 2540 732 2627 principaliter
764 2540 917 2615 convenit.
941 2543 1094 2631 Armmpio
1113 2565 1186 2634 pro·

58 2648 207 2734 porturis
242 2655 290 2714 est
311 2664 370 2730 ea„
394 2645 483 2714 euius
507 2641 627 2713 termini
665 2661 831 2711 commone
853 2646 1183 2736 uomenbsurtiuntur,

57 2748 129 2837 quia
154 2746 241 2835 illud,
265 2746 409 2836 quod-eo
432 2744 557 2815 nomine
576 2745 809 2834 ,significatum
839 2745 905 2816 etsi
929 2746 1027 2817 ineis
1049 2749 1091 2819 sit
1108 2749 1185 2818 sim-

57 2851 178 2942 pliciter
191 2852 360 2938 diversum,
374 2859 476 2920 tomen
499 2871 553 2941 per
567 2850 731 2938 quamdam
747 2847 990 2937 similitudinem,
1008 2853 1054 2920 vel
1078 2873 1185 2941 qoem·

56 2956 129 3023 dam
153 2955 305 3041 ordinem,
329 2975 420 3042 quem
451 2952 531 3022 inter
559 2973 592 3022 se
614 2952 752 3040 habent,
791 2960 890 3042 potest
912 2951 986 3043 ipsis
1009 2957 1181 3028 convenire.

55 3050 93 3124 Ε.
119 3079 168 3146 g,
192 3056 327 3143 animal,
351 3066 382 3124 et
404 3056 512 3141 cibus,
536 3056 584 3123 vel
611 3053 739 3141 animal,
763 3064 795 3123 et
817 3053 926 3144 pulsus
945 3053 1091 3144 dicuntur
1113 3076 1186 3127 sona

55 3158 198 3247 aucupto
217 3158 436 3247 proportionis,
461 3158 533 3246 quia
562 3156 621 3224 hoo
643 3175 755 3223 nomen
777 3154 930 3243 accipiunt
954 3176 1015 3225 oon
1038 3177 1075 3226 co
1097 3159 1181 3246 quod

55 3260 195 3328 ordinem
218 3261 255 3327 od
279 3259 392 3347 aliquid
417 3258 580 3348 principale
603 3256 726 3342 habent,
749 3257 800 3323 scd
823 3276 861 3325 eo
883 3259 966 3344 quod
982 3261 1107 3343 conitor,
1123 3260 1181 3331 etsi

55 3361 88 3431 io
112 3360 157 3430 eis
179 3359 341 3448 diversam,
367 3370 469 3428 tamen
491 3359 659 3428 secundum
689 3359 820 3448 aliquem
845 3371 1015 3446 respectum
1044 3363 1183 3434 etmdsm

55 3462 312 3552 significationem
330 3462 500 3554 praesefert.
520 3461 562 3530 lta
576 3461 669 3530 etiam
690 3480 804 3529 nomen
821 3481 880 3530 rece.
900 3462 1029 3552 homini,
1046 3477 1077 3534 et
1100 3467 1182 3535 leoni

55 3565 255 3653 attribuitur,
279 3565 351 3654 quia
373 3586 411 3636 eo
433 3564 525 3634 modo
552 3584 585 3634 se
607 3563 700 3634 habet
726 3562 775 3633 leo
798 3563 1005 3653 interseras,
1045 3588 1109 3656 quo
1133 3569 1184 3639 ille

52 3667 179 3755 homo,
203 3666 257 3756 qui
279 3665 387 3737 ceteris
420 3663 599 3737 hominibus
627 3674 757 3754 praeest.
781 3663 882 3743 Quare
904 3664 937 3733 in
971 3668 1020 3735 his
1042 3669 1183 3760 analogio

52 3860 101 3932 qui
120 3868 164 3918 eet
183 3857 301 3931 animal,
320 3859 416 3932 etqui
436 3859 537 3930 pictus:
558 3857 614 3915 alia
632 3867 728 3914 autem
758 3872 809 3928 per
828 3856 1043 3940 proportionem
1063 3870 1092 3917 et
1111 3876 1179 3922 eon·

53 3943 240 4015 venientium,
259 3953 290 3999 ut
310 3943 396 4013 pedes
422 3943 498 4013 ldae,
521 3953 548 3998 et
567 3942 657 3998 nostri
677 3943 774 4013 pedes,
796 3953 948 4012 propteroa
967 3945 1042 4013 quod
1063 3946 1119 4003 siut
1137 3949 1178 4006 iu·

50 4029 153 4087 terius:
174 4028 232 4085 alia
252 4039 347 4085 autem
367 4029 598 4099 exoneratione,
619 4037 650 4084 ut
667 4037 725 4097 pes'
737 4029 828 4098 uaris,
849 4042 1004 4098 perquem
1024 4031 1107 4090 naris
1126 4048 1175 4090 ua·

51 4115 144 4187 rigat,
164 4122 193 4169 et
212 4129 261 4184 pes
280 4124 389 4184 noster,
411 4126 564 4184 perquem
584 4125 738 4166 moremur
758 4129 784 4184 ’3
806 4112 874 4168 Lor.
894 4113 944 4169 ott.

86 4199 110 4268 ¹)
132 4214 146 4253 t
169 4199 385 4257 Denomiuativo
405 4208 470 4255 suot
490 4214 564 4268 quae
583 4212 620 4254 ex
637 4197 735 4269 aliquo
753 4197 847 4256 altero
865 4204 930 4256 suot
944 4199 1101 4275 nominata,
1117 4211 1177 4267 uta

48 4284 223 4345 tortitudine
241 4285 323 4345 tortis
342 4301 369 4358 »ς
389 4285 477 4345 [loru.
492 4284 593 4367 allex.²
612 4280 682 4342 r'dt'd.
