2760 4770
171 396 248 466 lllll.
274 395 362 468 brus
385 414 418 465 ιιι
442 413 634 483 uuoouooun
672 413 846 468 ornatrun
871 414 1050 468 sneunnuu
1074 412 1164 469 ntus·
1181 417 1252 468 rao·

126 520 321 571 rntnrarnn.
345 498 427 569 Deus
449 500 556 588 enim,
578 500 633 589 qui
654 511 702 572 est
724 499 881 570 institutor
902 510 1059 588 naturae,
1094 519 1163 570 nnn
1184 501 1251 571 sub·

126 602 219 670 trabit
241 603 344 691 rebus,
367 604 450 692 quod
472 615 519 674 est
541 604 700 695 proprium
727 602 846 674 naturis
867 623 976 672 earum
1001 605 1028 672 ¹.
1055 604 1141 681 Hine
1154 605 1248 690 Bous,

126 704 179 793 qui
202 715 248 776 est
269 709 366 795 prima
388 727 501 796 eausa,
524 728 597 777 oum
630 707 729 780 causis
751 708 941 780 naturalibus
961 729 1173 795 concurrens,
1196 717 1251 776 nott

125 808 252 896 aufal,
276 810 351 901 quia
373 815 460 879 actuo
485 831 596 880 eorum
618 811 678 879 siat
700 809 865 894 emmeles,
895 809 1034 900 itemque
1062 827 1250 881 concurrens

46 962 53 969 -
124 934 196 982 cum
218 914 317 982 causis
339 910 529 1000 voluntariis,
557 934 572 978 t
603 932 667 982 non
689 913 800 996 aufert,
821 912 898 1002 quin
912 911 1048 982 actiones
1061 933 1179 984 earum
1194 903 1272 979 sint

126 1015 324 1104 voluntariae,
348 1017 400 1085 sed
423 1013 524 1104 potius
545 1016 604 1084 boc
626 1012 658 1081 in
680 1014 724 1085 eis
747 1013 816 1082 lacit
839 1011 852 1052 ²
879 1039 909 1085 ι.

170 1118 223 1190 ΙΧ.
250 1119 321 1190 litor
342 1139 384 1189 nn
407 1116 603 1189 oum-'litet
624 1137 667 1187 nn
696 1136 814 1187 nunno:
838 1135 902 1204 seu,
927 1115 1056 1188 Dtorun
1081 1138 1128 1188 nn
1153 1126 1248 1207 onor,

126 1225 167 1307 et,
192 1219 317 1290 litarnu
340 1241 382 1289 nn
405 1239 526 1290 nunno.
550 1220 630 1288 llaec
652 1231 725 1289 sunt
748 1217 893 1308 principia
908 1217 1169 1308 syllogismorum
1186 1221 1248 1289 uni·

127 1323 336 1395 versalissima.
363 1322 502 1392 Primum
525 1325 605 1413 regit
626 1324 821 1412 syllogismos
841 1321 966 1411 aientes,
989 1321 1125 1413 eiusque
1147 1344 1249 1393 sensus

125 1439 184 1494 est:
215 1426 371 1514 Quidqmd
392 1426 504 1494 dieder
526 1426 697 1494 universim
719 1426 757 1495 dc
777 1426 879 1515 aliquo
897 1426 1046 1513 atauo,
1073 1430 1250 1518 affirmatur

126 1530 164 1600 de
185 1532 291 1620 quouis
311 1536 448 1599 euntem
469 1526 523 1599 oud
538 1530 608 1600 itta.
635 1528 767 1601 Scilicet:
785 1530 882 1600 Omne
904 1529 990 1619 illud,
1007 1531 1096 1621 quod
1119 1532 1249 1601 affirma·

34 1661 39 1666 ·
125 1642 179 1703 tur
199 1634 237 1703 de
259 1632 359 1723 aliqua
392 1654 426 1702 re
448 1633 659 1702 universaliter
694 1645 726 1702 et
746 1633 938 1705 distributive
961 1633 973 1674 ³
997 1643 1150 1724 aceepu,
1181 1634 1248 1702 illud

126 1734 226 1827 ipsum
249 1735 466 1806 assirmandum
496 1743 542 1804 est
563 1734 600 1803 de
621 1734 792 1823 omnibus,
817 1756 895 1825 quae
915 1735 989 1804 huic
1011 1734 1058 1804 rei
1083 1736 1248 1806 subiiciun-

124 1849 190 1926 tur,
213 1847 244 1907 et
264 1838 303 1908 de
323 1837 437 1928 quibus
459 1837 533 1906 baec
555 1858 603 1906 res
631 1836 775 1906 affirmari
798 1845 908 1928 potest.
933 1837 970 1905 V.
988 1859 1036 1927 g,
1064 1836 1099 1908 in
1114 1839 1249 1926 baopro

125 1941 296 2031 positione,
319 1940 427 2010 Omnis
449 1941 546 2010 bomo
575 1950 623 2011 est
644 1938 824 2028 rationalis,
846 1940 1019 2009 affirmatur
1039 1941 1199 2011 rationale
1218 1940 1250 2010 do

124 2041 250 2112 homine
272 2042 485 2112 universaliter
505 2049 536 2110 et
551 2041 744 2112 distributive
767 2053 871 2113 sumto
878 2065 887 2124 ;
912 2043 983 2112 bino
1005 2041 1090 2112 idem
1106 2043 1251 2115 rationale

124 2145 342 2216 affirmandum
364 2154 410 2214 est
431 2145 470 2214 de
492 2143 607 2229 Petro,
630 2143 703 2234 quia
736 2143 845 2215 Petrus
866 2144 987 2215 domini
1009 2145 1201 2234 subiicitur,
1223 2155 1249 2217 et

127 2247 236 2333 borao,
259 2247 297 2315 de
318 2250 381 2336 quo
402 2245 555 2315 rationale
582 2244 769 2314 affirmatum
792 2256 868 2334 erat,
892 2246 1066 2316 affirmatur
1088 2252 1128 2319 de
1151 2249 1248 2320 Petm

127 2348 251 2420 nuum
274 2349 312 2418 de
333 2347 418 2417 nulio
439 2357 486 2418 est
506 2347 742 2417 fundamentum
766 2348 1016 2438 syllogismorum
1049 2351 1248 2442 negantium,

129 2463 221 2544 atque
241 2450 434 2525 contrarium
464 2471 588 2521 sensum
609 2450 757 2541 involvit,
787 2450 858 2542 qui
859 2451 915 2534 sic
936 2452 1121 2543 explicatur:
1160 2455 1249 2540 Quid

125 2557 202 2648 quid
222 2563 353 2647 aeputur
375 2556 412 2625 de
433 2553 536 2644 aliquo
558 2553 774 2625 uniuersaliter
795 2562 926 2646 accepto,
951 2561 1087 2645 acuatur
1102 2555 1144 2627 de
1157 2559 1248 2627 maai·

11 2657 26 2709 -'
102 2661 203 2748 ἐπε,
228 2659 395 2748 dequibus
416 2657 496 2727 illud
523 2656 657 2727 alterum
678 2660 867 2748 affirmatur.
897 2656 1025 2727 Scilicet:
1051 2657 1146 2739 Quod
1168 2657 1249 2729 alicui

127 2762 173 2833 rei
195 2759 405 2832 uniuersaliter
425 2767 456 2828 et
477 2756 669 2827 distributive
695 2767 815 2830 sumlae
837 2758 964 2828 attribui
987 2779 1051 2830 non
1076 2769 1193 2850 potest,
1215 2780 1248 2831 no

127 2873 227 2954 potest
247 2861 370 2954 quidem
386 2859 512 2931 attribui
528 2859 585 2948 illi,
603 2861 687 2950 quod
706 2859 764 2929 sub
778 2859 829 2930 illa
844 2881 878 2931 re
899 2860 1187 2952 comprehenditur,
1200 2883 1248 2932 εει

126 2968 166 3038 de
187 2986 251 3058 quo
272 2965 324 3036 illa
346 2984 394 3036 res
417 2963 601 3048 allirmatur3
624 2984 656 3031 r.
679 2985 737 3053 p,
765 2962 792 3031 si
811 2972 895 3034 certo
922 2963 982 3034 sois
1003 2964 1131 3034 nullum
1154 2963 1247 3037 homi·

126 3082 199 3140 nom
220 3079 286 3140 'esse
307 3067 562 3159 quadrupedem,
596 3079 705 3157 sponte
735 3077 789 3136 tua
810 3064 935 3156 colliges
956 3086 1054 3156 neque
1077 3067 1246 3154 Catonem,

127 3191 228 3260 neque
248 3171 417 3258 Caesarem,
440 3190 498 3241 neo
518 3170 613 3240 alium
634 3172 820 3262 quemqnam
839 3166 999 3240 bominem
1018 3170 1247 3262 quadrupedem

126 3291 202 3348 esse:
225 3270 314 3359 ltem,
337 3270 363 3341 si
386 3272 473 3362 quis,
497 3274 693 3363 quantumvis
720 3272 877 3361 rusticus,
900 3272 1020 3342 vineam
1042 3289 1136 3343 suam
1160 3295 1246 3366 gran·

126 3374 196 3447 dine
218 3375 543 3465 taboratamrideatf,
567 3376 669 3446 statim
694 3378 741 3446 vel
764 3376 879 3448 inritus
901 3378 1070 3466 exclamat,
1094 3397 1166 3450 non
1187 3380 1248 3450 iru-

125 3479 255 3571 gileram
288 3501 326 3551 eo
348 3500 430 3551 anno
452 3482 539 3565 lore,
575 3481 717 3570 eoquod
747 3478 904 3571 perspicue
936 3489 968 3549 et
987 3479 1151 3551 evidenter
1184 3503 1247 3556 sen·

125 3582 181 3651 tiat
212 3583 275 3651 vim
308 3583 415 3653 buius
433 3581 648 3652 conclusionis:
673 3581 764 3652 Nulla
793 3583 879 3652 vinea
911 3579 1060 3672 grandine
1093 3586 1249 3661 verberata

125 3686 270 3776 frugifera
291 3693 352 3774 est,
375 3703 443 3754 mea
463 3693 511 3755 est
534 3683 682 3786 grandine
709 3684 888 3769 verberata;
911 3694 1043 3754 nonest
1064 3683 1167 3778 igitur
1190 3690 1249 3759 lru·

126 3790 232 3882 gisem.

170 3892 210 3962 X.
236 3891 462 3966 lltrrnannru
492 3908 595 3964 annus
618 3911 770 3982 aruum,
794 3911 836 3968 nr
870 3890 1010 3968 srnclau
1030 3888 1245 3970 'consumma

164 4097 189 4169 ι)
207 4098 311 4160 cuum
330 4097 425 4169 cunr..
442 4097 493 4156 tn.
513 4096 549 4171 ιι,
566 4109 594 4154 u.
612 4095 660 4158 ss.

162 4185 187 4256 ι)
206 4182 230 4257 ι,
248 4203 276 4259 q.
296 4181 447 4257 nxxxut,
464 4196 493 4241 a.
513 4177 528 4237 t
548 4180 586 4240 ut
604 4177 632 4240 a.

163 4264 380 4352 amum
