2760 4770
175 262 220 332 30
610 269 656 307 ᾳ...
680 255 705 322 Α
728 293 774 312 -,

139 382 143 399 ²
169 375 237 444 llll.
263 375 464 454 Aooroaur'rt
490 387 620 440 norrun
643 386 862 441 oonurrrouun
885 391 1149 442 subseruntur
1171 372 1249 440 Sub-

127 477 242 546 iectum
264 472 429 543 accidentis
449 470 618 540 secuudum
642 471 765 559 aliquod
793 471 932 541 accidens
954 476 1100 542 alteratur
1124 475 1136 516 ¹
1158 499 1189 542 ι.
1213 477 1250 543 At

127 599 211 665 vcro,
235 576 401 645 substantia
422 575 522 663 quoad
542 594 604 641 esse
618 584 755 642 rnulntur
776 575 815 642 ab
837 576 1052 662 accidentibus,
1085 598 1152 646 non
1182 596 1251 646 vero

123 682 225 770 quoad
248 680 433 760 essentiam
459 677 521 747 sire
542 677 626 747 eninr
649 677 792 765 calidus,
828 677 892 748 sive
915 678 1044 768 lrigidus
1067 679 1106 749 sit.
1130 679 1250 767 Ρειιιιι,

125 805 247 874 semper
267 794 314 854 est
336 782 449 852 animal
473 782 629 849 tutionale

172 887 251 958 llxl.
278 888 477 956 beoroaurrn
502 902 626 952 senetur
654 903 816 956 nccrouur
839 905 984 972 canant,
1016 906 1081 955 uon
1105 905 1250 957 cournr.

126 991 343 1059 Adnotandurn
365 999 434 1074 est,
457 1007 556 1074 genus
586 985 636 1054 bic
657 985 738 1054 suuri
761 1008 826 1054 nou
852 988 883 1055 in
905 1007 960 1056 sua
982 987 1111 1057 essentia
1135 997 1254 1076 specta:

126 1107 207 1183 tum,
221 1093 284 1163 sire
306 1102 399 1181 prout
419 1109 515 1178 genus
531 1099 588 1177 est,
606 1092 642 1158 'et
663 1111 681 1157 a
704 1087 769 1158 suis
791 1088 949 1179 speciebus
971 1089 1184 1179 distinguitur,
1200 1091 1252 1160 sed

125 1210 218 1289 prout
242 1195 274 1262 in
297 1193 425 1282 singulis
448 1189 512 1260 suis
533 1190 691 1281 speciebus
717 1192 953 1292 determinatum
978 1192 1172 1282 intelligitur;
1189 1212 1251 1280 quo

127 1303 223 1371 modo
246 1306 345 1390 potest
358 1294 386 1364 ei
407 1293 523 1382 aliquid
548 1292 694 1375 accidere,
707 1304 780 1382 pute
803 1293 909 1363 accidit
932 1297 1055 1363 uninrali
1078 1317 1146 1364 esse
1169 1296 1204 1364 in
1225 1316 1255 1364 e·

125 1421 190 1492 quo
211 1399 409 1490 quadrupes,
433 1394 464 1462 in
495 1394 619 1464 bomine
641 1394 737 1483 bipes.
763 1393 853 1482 lam,
877 1418 951 1465 cunr
974 1408 1074 1466 toturn
1096 1419 1199 1485 genus
1220 1399 1251 1467 in

126 1504 262 1595 qualibet
284 1498 383 1589 specie
406 1508 488 1566 certo
504 1500 648 1586 quodam
679 1500 772 1570 rnodo
808 1499 1043 1570 determinatum
1067 1502 1254 1588 inueniatur,

125 1625 249 1676 neeesse
271 1615 317 1673 est
339 1611 375 1670 ut
396 1601 544 1690 quidquid
572 1601 678 1670 accidit
704 1601 796 1670 alicui
820 1601 940 1693 speciei,
958 1605 988 1672 id
1011 1624 1136 1693 quoque
1159 1625 1249 1692 gouc-

126 1708 155 1779 ri
176 1707 310 1776 accidere
332 1725 419 1794 posse
445 1704 573 1792 dicatur,
603 1714 801 1795 quapropter,
817 1704 842 1771 si
858 1708 1042 1775 concedetur
1057 1704 1172 1794 aliquid
1189 1725 1255 1775 esse

125 1808 267 1881 accidens
289 1805 417 1876 alicuius
440 1803 568 1894 speciei,
593 1805 664 1874 inde
686 1805 788 1893 colligi
814 1819 914 1896 potest
938 1808 1012 1876 illud
1034 1829 1100 1878 esso
1116 1809 1257 1879 notun

127 1912 275 2002 generis,
299 1909 350 1979 eui
373 1909 422 1977 illa
445 1907 557 1999 species
580 1908 750 1977 subiicitur.
779 1910 814 1978 E.
840 1933 891 2000 g.,
916 1910 987 2000 quia
1003 1911 1111 1979 accidit
1135 1911 1253 1981 bonrini

126 2036 193 2084 esse
216 2010 461 2103 bipedorn,'ideo
484 2011 605 2079 anirnuli
637 2032 760 2100 quoque
784 2012 863 2080 idern
888 2011 1010 2081 accidit.
1035 2012 1059 2081 Ε
1082 2015 1251 2101 contrario,

128 2117 182 2203 id,
205 2115 289 2205 quod
313 2113 453 2183 accidens
476 2114 595 2203 generis
619 2127 692 2197 est,
726 2138 790 2186 non
813 2116 969 2184 inuenitur
991 2115 1023 2183 in
1045 2115 1168 2184 cunctis
1190 2138 1253 2206 spe-

127 2221 229 2292 ciebus
251 2218 406 2310 eius,quia
429 2218 547 2288 eunctis
569 2221 725 2310 speciebus
755 2220 846 2288 elicui
870 2221 973 2310 generi
998 2219 1143 2290 subiectis
1166 2241 1251 2290 corn-

126 2346 230 2394 mune.
254 2337 299 2392 est
323 2324 421 2412 illud,
446 2325 529 2412 quod
554 2325 600 2392 vel
622 2327 785 2394 essentiam
820 2325 941 2414 generis
964 2324 1133 2411 constituit,
1159 2328 1205 2395 vel
1230 2325 1255 2394 i..

127 2449 212 2518 psam
234 2425 403 2495 necessario
437 2423 655 2514 consequitur,
691 2428 828 2494 sednon
861 2427 962 2512 illud,
987 2449 1050 2516 quo
1078 2429 1252 2497 essentiae

128 2551 239 2620 genere
260 2528 400 2596 denotata
424 2525 455 2593 in
478 2546 660 2616 unaquaque
692 2528 812 2595 illarum
840 2529 1070 2598 determinatur,
1105 2531 1252 2609 Quocirca

128 2633 187 2703 dici
211 2651 274 2700 non
308 2639 406 2719 potest
426 2627 540 2716 aliquid
577 2630 714 2698 accidere
743 2629 829 2700 alicui
854 2631 965 2720 speciei
993 2652 1031 2701 ex
1052 2652 1092 2701 eo
1115 2643 1251 2716 tanturn,

127 2735 210 2825 quod
234 2732 344 2802 accidit
366 2730 485 2819 generi,
510 2732 581 2818 quia
612 2731 676 2799 fieri
701 2743 812 2821 potest,
836 2735 924 2802 utin
948 2736 1006 2802 alia
1038 2734 1165 2822 quidem
1189 2755 1252 2822 spc-

125 2838 180 2924 oie,
204 2856 267 2904 non
293 2853 363 2903 rere
386 2834 417 2902 in
441 2834 499 2902 bac
521 2833 706 2903 inuenietur.
744 2836 782 2904 Ε.
814 2859 861 2925 g,
886 2837 956 2926 qnia
979 2838 1093 2906 aninrel
1116 2839 1252 2926 quadrus

129 2961 180 3029 pes
201 2949 264 3026 est,
273 2958 338 3008 non
359 2936 498 3026 sequitur
512 2938 603 3007 atiani
627 2939 745 3007 borbini
769 2940 909 3009 aduenire
929 2962 995 3010 esso
1010 2941 1254 3029 quadrupedum

137 3090 141 3097 .
176 3039 396 3113 llllll.ber10
421 3058 474 3109 ιιι·
497 3058 559 3110 ran
586 3058 800 3130 conrueruu,
825 3043 893 3130 vel,
924 3041 995 3113 Nou
1017 3063 1130 3122 burun
1154 3060 1252 3116 norro

37 3177 40 3182 ’
130 3165 163 3216 ιιι
187 3162 326 3212 brsraus
343 3140 369 3210 ².
952 3186 955 3190 ·

132 3280 141 3291 ν
174 3242 282 3312 lilllll.
307 3242 407 3314 burro
433 3264 485 3315 arr
509 3264 570 3316 rua
592 3265 789 3318 corruenti.
810 3247 1003 3336 lntelligitur·
1017 3247 1139 3336 proprio
1162 3249 1200 3320 de
1221 3268 1255 3316 a

130 3343 285 3434 gentibus,
310 3365 444 3433 quorum
468 3365 565 3413 uuum
597 3349 727 3416 alterurn
755 3349 937 3437 corrumpit,
954 3349 1011 3418 lroe
1033 3349 1114 3417 enirn
1142 3352 1180 3419 fit
1198 3370 1252 3442 prr

127 3446 287 3537 qualitates
310 3445 489 3532 contrarias,
517 3458 591 3536 puta
613 3447 706 3536 ignis,
721 3460 882 3538 *quatenus
905 3451 1043 3536 calidus,
1068 3454 1195 3540 expellit
1216 3474 1249 3522 ειι

127 3551 188 3620 alio
211 3548 320 3640 frigus.
345 3549 434 3629 Quod
457 3551 482 3619 si
507 3549 545 3618 de
566 3550 752 3640 agentibus,
776 3564 928 3640 quatenus
951 3554 1065 3642 aliquid
1090 3556 1246 3641 efficiunt,

127 3655 174 3724 ue·
197 3661 256 3741 est,
279 3673 307 3723 ε.
333 3673 380 3742 g,
398 3656 444 3721 sol
468 3653 657 3741 illuminans,
674 3655 842 3743 praelatum
860 3656 1013 3725 theorema
1034 3654 1181 3746 explicari
1204 3669 1249 3727 r'e‘·

133 3806 142 3921 J
161 3843 190 3920 ΙΙ)
207 3843 236 3899 S.
255 3803 373 3914 enon,
394 3844 446 3917 Qq.
466 3845 563 3918 dr'spp.
583 3846 621 3904 de
643 3847 726 3916 Vera,
745 3862 774 3917 q.
788 3845 861 3917 XIV,
881 3862 909 3903 a.
928 3845 946 3902 7
965 3843 1003 3903 ad
1020 3845 1047 3902 3.
1061 3802 1251 3904 docenium*

130 3928 295 3985 enunciavit
325 3928 455 3985 etiams.
475 3929 658 4001 Augustinus¹
677 3930 710 3986 iis
730 3929 834 3988 verbis:
858 3945 872 3987 r
892 3932 971 3988 Aliae
989 3934 999 4004 (
1005 3942 1131 4002 praeter·
1150 3933 1248 4003 Deum)

109 4034 205 4089 'quae
224 4019 359 4072 dicuntur
377 4017 541 4088 esseutiae,
560 4019 623 4077 sive
641 4018 827 4090 substantiae,
852 4020 967 4090 capiunt
986 4019 1148 4076 accidentia
1164 4062 1172 4092 ,
1192 4021 1248 4092 qui·

132 4106 185 4202 bus
208 4105 235 4158 iu
250 4102 366 4244 ais2llrilt
384 4103 431 4242 egl
457 4118 575 4190 magua,
598 4103 644 4186 r'rel
667 4102 1134 4183 quantacurnquaflutatioqsse
1157 4111 1247 4219 blito,

131 4190 274 4347 milvii-id:
296 4228 380 4333 ll'ilrr'l
395 4230 456 4349 ugit
475 4272 720 4351 insternuntur.
740 4277 780 4338 Ν.
