2760 4770
148 404 251 475 causis
273 425 334 473 una
356 404 396 475 sit
418 405 452 474 in
475 410 544 475 ceter
566 407 708 493 seeundo,
726 406 848 474 altera
835 425 871 475 m
885 411 955 475 aete
976 404 1091 495 pmcne,
1119 402 1182 474 iam
1206 409 1276 525 haec

149 507 297 596 posterior
319 528 381 578 non
405 520 558 597 operatur.

195 609 271 681 Vlll.
297 611 465 685 Erramus
489 633 678 685 rnounorus
699 634 740 685 aa
756 632 820 686 una
838 632 939 683 ciust
964 630 1029 683 non
1045 624 1173 685 rorasr
1198 631 1275 682 mnu

147 733 279 785 uunano
302 735 440 787 raonem
469 737 510 786 no
532 735 607 785 narn
632 735 750 786 causa.
775 716 945 786 discrimen
967 713 1045 784 inter
1067 716 1272 806 praecedens,

146 826 237 904 atque
260 818 341 887 istud
363 817 489 887 citatum
522 817 660 887 consistit
688 817 719 885 in
741 838 805 905 eo,
833 819 916 908 quod
939 817 971 885 in
994 817 1096 905 primo
1129 816 1280 886 asseritur·

146 919 222 989 duas
244 940 350 991 causas
380 921 493 990 totales·
516 940 579 988 non
611 941 698 1010 posse
720 919 813 989 simul
841 920 982 990 eumdem
1005 937 1136 988 numero
1161 919 1274 1010 produ-

145 1043 214 1092 cere
236 1024 401 1107 effectum3
431 1024 465 1094 in
496 1026 591 1092 altero
625 1032 728 1091 autern
763 1044 817 1093 nec
850 1024 942 1091 etiam
964 1022 1085 1093 divisim
1116 1022 1146 1091 id
1173 1033 1271 1112 posse.

145 1124 223 1195 Rem
244 1138 347 1198 autem
371 1128 411 1197 ita
428 1149 461 1198 se
487 1129 595 1197 hebere
610 1146 750 1217 expresse
764 1129 854 1198 docet
868 1147 894 1196 s.
912 1125 1056 1213 Thomas,
1076 1125 1147 1194 'ubi'
1160 1125 1275 1214 inquire

148 1254 163 1294 i
189 1230 378 1322 impossibile
406 1242 451 1302 est
473 1233 617 1302 eumdem
644 1232 744 1301 lilium
771 1231 878 1320 nasci,
914 1232 978 1304 sire
997 1231 1037 1300 sit
1058 1229 1136 1300 alius
1161 1239 1249 1321 pater
1259 1260 1274 1321 ,·

143 1337 205 1406 sire
226 1338 284 1406 alia
308 1350 416 1425 mater,
439 1337 518 1408 sieut
539 1335 632 1406 etiam
651 1356 714 1405 non
732 1346 779 1408 est
794 1336 873 1405 idem
888 1330 1018 1406 numere
1031 1335 1184 1425 sigillum,
1210 1336 1272 1407 sire·

143 1439 184 1506 sit
206 1439 262 1509 alia
284 1461 362 1528 cera,
387 1441 449 1508 sire
473 1443 512 1510 sit
534 1440 615 1508 aliud
641 1460 754 1530 corpus
776 1440 880 1529 sigilli,
903 1460 942 1509 en
956 1439 1045 1509 cuius
1067 1439 1268 1527 impressione

143 1558 212 1610 cera
234 1541 382 1631 sigillatur
406 1543 418 1585 ¹
437 1567 467 1612 r.
491 1543 581 1611 Ratio
609 1551 676 1629 est,
711 1543 782 1631 quia
804 1542 879 1612 nihil
909 1539 1089 1632 producitur
1111 1563 1128 1611 a
1151 1562 1265 1631 causa,

142 1642 201 1712 nisi
223 1646 307 1734 quod
328 1645 505 1714 continetur
527 1644 558 1713 in
585 1645 650 1713 eius
673 1645 794 1717 rirtute‘.
832 1646 937 1716 Virtus
958 1655 1063 1714 autem
1092 1644 1192 1715 unius
1212 1667 1266 1714 au·

142 1768 228 1818 mero
249 1769 356 1820 causae
377 1769 439 1819 non
470 1749 645 1819 continetur
668 1747 699 1817 in
722 1750 826 1832 altera;
840 1761 875 1818 ut
890 1749 1015 1820 loannes
1038 1769 1104 1819 nou
1127 1749 1268 1820 continet

140 1855 280 1923 eamdem
303 1874 435 1923 numero
457 1853 601 1923 virtutem
627 1853 823 1941 producendi,
845 1875 923 1944 quae
937 1865 984 1925 est
1005 1855 1038 1922 in
1062 1853 1169 1937 Petro;
1196 1873 1263 1924 nam

139 1977 216 2044 quae
239 1964 313 2026 sunt
334 1955 564 2025 individualiter
586 1953 738 2043 distincta,
755 1975 820 2025 non
847 1976 880 2026 se
903 1966 1013 2025 mutuo
1034 1957 1213 2027 continent.
1238 1957 1263 2025 l·

140 2057 225 2146 gitur
246 2060 370 2128 effeetus
393 2058 432 2126 ab
453 2057 510 2126 hac
532 2079 622 2128 causa
623 2058 809 2148 productus
824 2076 888 2129 non
905 2067 1003 2148 potest
1026 2057 1111 2126 idern
1136 2079 1265 2130 numm

138 2159 178 2227 ab
200 2159 258 2229 alia
280 2156 416 2249 produci.
443 2160 507 2229 lloc
530 2171 633 2230 umen
655 2161 782 2231 ellatum
816 2161 880 2230 rim
910 2161 1012 2248 hahet,
1035 2159 1060 2228 si
1083 2181 1193 2233 sermo
1214 2165 1263 2231 siet

138 2261 178 2330 de
200 2261 299 2333 causis
321 2262 452 2344 creatis;
477 2282 540 2332 non
568 2262 665 2350 item,
703 2262 788 2332 side
815 2283 905 2333 causa
927 2262 1092 2333 universali
1115 2264 1261 2354 infinita,

138 2375 283 2456 quaeest
306 2367 398 2438 Deus.
423 2366 515 2438 Cuius
536 2366 721 2460 disparitatis
745 2367 823 2436 ratio
844 2377 915 2455 est,
940 2366 1013 2458 quia
1035 2370 1120 2438 nulla
1144 2381 1261 2440 creatu·

134 2486 180 2558 ra,
205 2471 401 2560 quantumvis
423 2471 586 2558 sublimis,
616 2471 753 2540 continet
776 2471 904 2540 alteram
926 2470 1078 2561 perlecta,
1103 2479 1136 2540 ct
1159 2471 1257 2562 quoad

140 2576 251 2642 omnes
273 2571 417 2658 rationes,
433 2571 592 2663 praecipue
609 2571 793 2669 individuas,
808 2574 890 2642 unde
905 2593 969 2641 non
984 2580 1081 2661 potest
1102 2576 1260 2643 continere

136 2672 200 2745 eius
221 2675 359 2760 effectus,
385 2675 492 2742 saltem
514 2673 638 2742 eosdem
661 2693 802 2742 uernae.
828 2674 868 2742 dt
891 2694 962 2744 vero
985 2675 1064 2743 Deus
1087 2674 1259 2746 eminenter

136 2773 170 2844 iu
193 2795 225 2844 sc
247 2775 382 2844 continet
404 2795 497 2843 omne
519 2793 587 2862 ens,
611 2783 642 2843 et
659 2774 726 2844 ideo
742 2796 849 2847 omnes
865 2787 1075 2848 creaturarum
1099 2768 1258 2869 perfectio

133 2896 199 2965 nee,
227 2899 243 2942 ‹
269 2896 331 2944 non
354 2876 457 2946 solum
480 2882 630 2965 quantum
656 2875 693 2944 ad
718 2877 759 2965 id,
795 2879 878 2967 quod
900 2897 1065 2948 commune
1087 2891 1136 2949 est
1159 2882 1256 2951 omni·

132 2978 203 3068 bus,
228 2978 279 3050 sed
302 2978 392 3046 otiam
415 2989 565 3066 quantum
588 2979 686 3065 adea,
702 2979 871 3048 secundum
886 3002 965 3070 quae
987 2998 1034 3050 res
1056 2980 1255 3073 distinguun-

132 3095 185 3153 tur
209 3083 221 3124 ²
241 3110 270 3152 i.
296 3082 395 3160 Quare
418 3084 502 3152 solus
525 3082 606 3150 Deus
622 3092 719 3170 potest
735 3083 857 3160 eosdem
882 3074 1011 3154 numere
1033 3085 1255 3177 ellectuspro·

131 3188 254 3271 ducere,
278 3205 358 3280 quos
380 3184 552 3273 producunt
566 3194 732 3267 creaturam
749 3205 778 3254 e.
796 3195 961 3276 g.‚potest
976 3185 1146 3276 producere
1170 3210 1252 3258 eum·

131 3288 201 3358 dem
223 3306 352 3356 curnem
374 3283 542 3373 hominem,
566 3286 620 3375 qui
645 3286 826 3376 producitur
848 3309 866 3358 a
888 3289 1014 3373 Ioanno3
1037 3299 1068 3358 et
1090 3301 1253 3408 postquam

131 3389 264 3482 perierit,
288 3398 389 3480 potest
409 3389 497 3458 illum
520 3391 627 3458 iterato
654 3392 832 3480 producere.

175 3492 228 3563 lll
260 3492 364 3562 Enrrn
397 3511 463 3562 non
496 3511 579 3564 sune
604 3512 865 3563 nutrrrcrmnoa
899 3513 972 3564 sinn
1004 3506 1250 3578 naeassrrsrn3

129 3596 187 3685 oet,
202 3597 356 3666 Fnusrnn
379 3615 433 3665 arr
455 3615 519 3665 ran
543 3606 649 3665 rsual
674 3614 758 3673 ouon
783 3617 870 3668 muru
890 3617 1012 3670 rorusr
1036 3604 1101 3668 'ran
1120 3619 1251 3672 rnucto·

71 3788 73 3793 y
128 3720 171 3772 ru
196 3700 220 3771 ³.
245 3698 325 3795 Tum
347 3697 420 3786 quia
442 3717 531 3768 secus
546 3696 660 3787 aliquid
676 3698 762 3769 lieret
777 3701 843 3770 sine
857 3699 975 3772 ratione
990 3702 1169 3789 sufficicnti3
1189 3715 1249 3774 turn

127 3801 198 3892 quia
222 3823 283 3887 res,
308 3799 415 3872 ceteris
439 3800 575 3890 paribus,
600 3820 662 3896 quo
684 3795 849 3893 simplicior
871 3815 927 3891 est,
950 3826 988 3875 eo
1010 3816 1056 3876 est
1072 3808 1245 3896 perfectior:

127 3929 142 3970 n
168 3904 349 3992 Dicendum,
372 3904 456 3994 quod
478 3903 580 3975 omnis
603 3904 680 3975 ratio
702 3915 733 3973 ct
747 3916 856 3976 natura
870 3909 1067 3998 concordant,
1085 3911 1171 4000 quod
1186 3932 1244 3980 non

124 4009 178 4076 siat
201 4027 254 4098 per
278 4008 390 4097 plures,
414 4007 497 4095 quod
521 4015 618 4096 petest
642 4006 897 4082 sufficientissime
919 4010 985 4081 lieri
1009 4032 1063 4104 per
1087 4035 1202 4104 unum,
1217 4033 1244 4082 a·

161 4224 184 4294 1)
205 4222 336 4297 Qrtedtib.
358 4222 391 4294 V,
412 4216 486 4278 a.'8.
896 4230 908 4262 ³

43 4364 55 4391 x
159 4312 184 4383 a)
204 4311 226 4384 1,
245 4329 272 4382 q.
295 4306 365 4389 XIV,
385 4323 412 4365 a.
431 4306 461 4363 6.
482 4305 572 4381 c.-·³)
591 4304 651 4367 rm.
665 4322 700 4379 p.
718 4302 767 4370 99'.
