2760 4770
130 392 169 439 ne
192 371 302 440 minori
332 369 478 465 probatur
501 371 681 455 conclusio;
713 382 744 442 et
767 391 891 442 rursum
926 389 963 439 ex
985 369 1211 456 conclusione,
1232 377 1261 437 ει

54 484 56 489 ·
128 475 334 562 propositione
356 474 465 543 minori
487 495 633 544 conversa
649 475 796 562 probatur
812 472 978 564 propositio
1002 472 1114 541 maior.
1151 470 1189 538 Ε.
1213 491 1256 558 g,

130 577 267 662 primum
290 577 437 666 probatur
459 598 584 648 omnem
610 577 766 645 bominem
800 598 865 646 esse
895 575 1036 661 docilem,
1060 573 1137 662 quia
1161 571 1258 640 omnis

128 678 223 746 horno
245 690 291 747 εει
314 676 484 766 rationalis,
507 679 565 747 hoc
596 690 694 768 pacto:
720 699 813 748 omne
844 677 988 746 rationale
1009 686 1054 744 εει
1077 674 1191 757 docile,
1214 682 1256 739 at·

129 781 182 868 qni
205 780 305 850 orrrnis
328 781 422 849 homo
449 791 495 848 εει
518 774 695 874 rationalis,
726 802 802 870 ergo
825 781 927 850 omnis
950 781 1043 847 bomo
1065 787 1116 847 est
1138 776 1254 845 docilis.

130 881 246 950 Deinde
269 903 392 951 omnem
416 882 573 952 hominem
602 905 667 952 esse
702 886 904 970 rationalem,
940 883 1010 972 quia
1035 882 1140 950 omnis
1165 881 1257 946 bomo

126 993 172 1053 est
194 983 312 1069 docilis,
338 983 379 1052 ita
402 985 559 1072 probatur:
588 983 713 1053 «Ornnis
738 985 829 1052 bomo
858 995 904 1053 est
925 983 1142 1071 docilis3atqui
1169 1001 1257 1050 omne

110 1085 275 1154 rationale
297 1088 480 1173 esthemo,
504 1108 580 1176 ergo
602 1105 692 1156 omne
720 1080 879 1155 rationale
898 1096 944 1154 εει
967 1085 1077 1154 docile.
1105 1084 1138 1151 ln
1164 1081 1257 1172 priori

127 1199 323 1275 argumento,
347 1206 385 1257 et
406 1190 545 1274 maiori,
569 1188 667 1258 Omne
690 1189 836 1257 rationale
869 1198 916 1257 est
939 1188 1060 1273 docile,
1086 1196 1119 1254 et
1144 1187 1258 1252 nrinon'

127 1289 251 1376 directa,
276 1289 384 1359 Omnis
406 1291 502 1359 borno
524 1299 570 1358 est
593 1290 758 1373 rationalis,
784 1292 932 1380 probatur
953 1288 1125 1373 conclusio,
1150 1286 1255 1355 Omnis

79 1388 82 1393 ’
127 1393 223 1462 bomo
245 1403 291 1462 est
312 1393 430 1462 docilis.
456 1393 490 1460 ln
513 1395 619 1477 altem,
642 1413 678 1460 ex
704 1394 761 1460 bac
777 1391 840 1482 ipsa
864 1391 1073 1477 conclusione,
1090 1399 1122 1456 ει
1146 1386 1253 1476 prioris

126 1494 302 1584 argumenti
324 1495 439 1561 mireari
461 1513 617 1576 conversa,
643 1515 774 1583 neutrae,
793 1516 884 1562 omne
908 1493 1053 1562 rationale
1076 1499 1124 1560 est
1149 1491 1253 1570 borno,

113 1594 277 1688 ‘probatur
298 1596 398 1664 nmior
420 1594 554 1663 eiusdem
585 1597 696 1684 prioris
719 1597 912 1686 argumenti,
937 1615 1068 1683 nempe,
1095 1614 1193 1661 omne
1215 1614 1254 1660 rn-

131 1702 244 1768 tionale
266 1709 313 1770 est
335 1699 444 1768 docile.
471 1699 534 1766 lam
559 1708 638 1788 patet
669 1699 844 1769 huiusmodi
869 1694 1173 1790 argumentationem
1197 1714 1255 1760 esse

129 1804 285 1886 vitiosam,
311 1802 337 1873 si
361 1801 408 1889 id,
432 1802 515 1891 quod
545 1801 578 1870 in
602 1801 697 1892 priori
720 1813 904 1890 argomento
925 1811 970 1870 est
994 1796 1208 1888 principium,
1229 1804 1256 1861 ει

110 1904 161 1972 'in
187 1903 344 1992 posteriori
371 1914 418 1974 εει
444 1904 624 1991 conclusio,
660 1925 725 1972 uno
757 1905 924 1992 eodemque
958 1901 1052 1970 modo
1074 1895 1251 1988 accipiatur.

129 2007 220 2093 Nam,
245 2028 316 2075 cum
341 2004 525 2096 principium
554 2005 594 2073 sit
617 2003 713 2095 prius,
738 2016 768 2074 et
793 2005 895 2073 notius
917 1999 1127 2085 conclusione,
1153 2019 1253 2086 seque

128 2118 214 2177 retur
237 2108 317 2177 idem
339 2128 405 2177 esse
429 2105 526 2197 prius,
557 2117 588 2175 et
613 2104 781 2196 posterius,
806 2105 922 2193 notiuS,
946 2114 978 2173 ει
1000 2101 1108 2171 minus
1133 2111 1251 2181 notum,

132 2209 257 2295 scilicet,
283 2207 369 2298 prius
388 2217 419 2276 ει
440 2209 556 2295 notius,
574 2220 665 2297 prout
679 2219 725 2279 εει
747 2208 943 2300 principium;
968 2202 1122 2295 posterius
1146 2214 1180 2273 et
1202 2201 1253 2270 mi·

19 2400 21 2404 .
128 2333 190 2380 nus
212 2321 335 2397 notum,
360 2319 451 2397 prout
472 2321 519 2379 εει
541 2311 707 2380 conclusio.
733 2309 893 2395 Quocirca,
918 2319 952 2377 ut
976 2316 1056 2375 recte
1077 2304 1253 2374 adhibeatur

129 2415 203 2482 haec
225 2411 463 2502 argumentatio,
488 2423 607 2504 oportet
627 2423 662 2481 ut
678 2411 718 2496 id,
735 2411 817 2499 rpuod
834 2410 864 2479 in
881 2408 973 2500 priori
998 2418 1190 2496 argumento
1210 2416 1252 2474 cst

127 2514 293 2600 conclusio,
317 2525 347 2582 et
370 2513 402 2583 in
425 2515 520 2585 altero
542 2523 588 2584 est
608 2512 803 2602 principium,
820 2513 940 2581 diverso
955 2510 1048 2580 mode
1070 2507 1249 2600 accipiatnr;

130 2628 202 2706 puta
225 2616 249 2685 si
274 2616 306 2683 in
328 2616 524 2684 conclusione
556 2613 666 2702 prioris
687 2613 862 2705 argumenti
892 2613 1055 2703 accipiatur
1079 2609 1124 2678 nti
1152 2611 1251 2679 minus

128 2728 237 2785 natum
260 2716 365 2795 nebis;
387 2716 419 2782 in
445 2715 552 2784 maiori
574 2714 698 2784 alterius
727 2716 771 2783 uti
797 2714 1025 2804 magistratum
1048 2718 1168 2781 auara
1189 2733 1251 2780 run.

130 2818 181 2886 Vol
207 2820 230 2886 si
255 2827 418 2887 sumantur
440 2815 486 2884 uti
509 2817 606 2904 inagis
625 2827 657 2885 et
672 2817 775 2887 minus
790 2826 860 2886 note
875 2815 974 2906 quoad
989 2815 1143 2894 diversos;
1169 2813 1248 2896 nam,

128 2921 386 3010 quemadmodum
411 2938 437 2988 s.
468 2916 600 2986 Tbomas
624 2920 753 3007 monuit,
778 2917 984 3006 «probabilia
1006 2914 1157 2984 dicuntur
1179 2934 1252 3005 qnae

128 3034 201 3090 sunt
226 3019 322 3110 magis
345 3033 416 3091 nota
440 3020 486 3088 vel
508 3019 705 3107 sapientibus,
735 3020 780 3088 val
805 3019 957 3107 pluribus,
977 3016 1130 3104 contingit
1151 3028 1249 3086 autem

128 3124 207 3192 idem
229 3145 295 3193 esse
316 3122 413 3211 magis
435 3133 465 3191 ει
487 3123 590 3192 minus
621 3133 729 3190 netum
753 3122 852 3211 quoad
867 3122 1068 3209 diversos,’et
1084 3118 1156 3188 ideo
1179 3120 1250 3188 nibil

126 3225 267 3314 probibet
289 3221 502 3313 syllogismum
526 3221 717 3291 dialecticum
747 3224 812 3292 sieri
839 3221 1048 3291 circularem*
1077 3245 1106 3290 r.
1137 3221 1204 3308 Vel,
1228 3221 1250 3287 si

127 3326 159 3394 in
183 3323 274 3414 priori
298 3335 481 3414 argumento
504 3321 622 3412 probari
647 3324 718 3392 velit
737 3324 967 3393 conclusionem
989 3342 1055 3392 esse
1079 3343 1198 3405 veram3
1223 3324 1252 3390 in

125 3429 221 3495 altero
243 3437 343 3496 autem
365 3445 432 3494 esse
456 3445 523 3492 vera
547 3422 711 3515 principia,
736 3446 773 3492 ex
802 3425 915 3513 quibus
937 3424 1018 3492 fluit.
1042 3422 1128 3502 Quae
1151 3423 1252 3492 omnia

124 3525 360 3615 significantur,
396 3548 468 3596 cnm
489 3524 615 3593 docetur
642 3526 936 3614 argumentationem
966 3524 1152 3593 circatorem
1174 3536 1255 3595 recte

124 3626 260 3695 adhiberi
284 3649 346 3696 non
371 3627 403 3696 in
425 3626 555 3707 eodem,
591 3627 642 3695 sed
666 3625 698 3694 in
726 3627 845 3696 diverso
868 3646 979 3716 genere
1000 3646 1169 3694 causae-
1186 3627 1252 3696 Cir-

122 3731 209 3826 culus
230 3749 302 3798 vero
322 3728 473 3816 fonticulis,
491 3729 536 3796 vel
557 3727 721 3813 umformis
739 3727 872 3818 procedit
889 3748 941 3816 per
962 3726 1100 3796 eamdem
1125 3729 1251 3798 demon·

126 3832 281 3904 strationis
303 3833 434 3902 sormam
457 3831 496 3898 ab
521 3832 627 3902 eodem
652 3831 688 3899 ad
712 3831 793 3900 idem
828 3832 932 3898 eodem
964 3831 1055 3899 modo
1077 3841 1248 3921 acceptum.

84 3979 88 3986 -
123 3937 270 4022 Quocirca
291 3938 337 4029 fit,
361 3958 433 4009 cum
456 3958 493 4007 ex
515 3937 648 4024 duobus,
672 3956 750 4026 (puae
776 3954 871 4026 aeque
885 3932 977 4004 dubia
1001 3941 1185 4026 sumuntur,
1210 3935 1251 4002 al·

171 4243 194 4318 ¹)
210 4239 242 4302 tn
263 4240 314 4302 nt.
335 4241 345 4299 1
364 4243 443 4305 rosi.
464 4241 542 4318 ,racc
563 4216 635 4303 rm.
715 4284 718 4290 .
760 4192 770 4213 ⁸
