2744 4770
589 575 628 695 Α
672 748 674 751 .

423 790 790 919 ntsrtnurtonns

88 1047 116 1117 1.
145 1045 191 1116 Au
214 1053 531 1123 uxrnrnsnco—dn
554 1071 760 1122 turutusnco.
786 1049 818 1118 t'
842 1048 887 1120 Ab
908 1045 1080 1120 eatriareco'
1102 1065 1170 1117 mo

47 1151 129 1222 tus¹
155 1171 221 1220 csse
242 1151 353 1220 dicitur
376 1153 408 1222 in
431 1173 493 1238 eo,
518 1152 600 1242 quod
626 1175 641 1216 a
667 1172 730 1223 non
759 1161 939 1240 cooperatur
961 1150 999 1217 ad
1021 1159 1169 1230 motum,

50 1252 107 1323 nisi
130 1253 302 1342 recipiendo
325 1255 552 1342 impressionem
575 1252 694 1342 agentis
717 1263 836 1322 tantum
855 1277 886 1320 a.
904 1251 943 1320 E.
965 1271 1013 1340 q,
1030 1248 1173 1338 ponereri

46 1364 93 1424 est
115 1355 233 1424 moveri
257 1355 495 1436 abodritarum
521 1354 667 1443 siquidem
690 1376 745 1443 per
767 1354 993 1442 generationem
1020 1373 1035 1415 o
1060 1349 1174 1438 aliquid

49 1457 181 1546 anquirit
203 1456 332 1545 primam
357 1459 566 1546 perfectionem
591 1456 637 1526 sui
660 1480 737 1546 esse
761 1466 905 1548 quaeest
929 1457 1020 1525 etiam
1038 1454 1173 1542 primum

50 1557 236 1648 principium
259 1558 389 1627 activum
415 1559 446 1626 in
470 1558 565 1648 ipso²
592 1580 622 1641 »;
647 1580 682 1626 ee
705 1559 856 1648 proinde,
891 1579 964 1628 cum
987 1567 1175 1646 generator,

51 1683 116 1732 non
141 1673 240 1749 potest
263 1661 375 1730 meteri
411 1663 604 1751 paratiquod
629 1662 812 1752 principium
836 1664 986 1746 activum,
1010 1659 1092 1747 quod
1116 1658 1178 1724 iam

54 1762 93 1832 sit
115 1763 172 1854 ipsi
198 1763 353 1831 intimum.
391 1762 463 1831 ttun
487 1773 590 1831 motus
619 1763 657 1845 ud
685 1765 849 1832 eatmnreco
879 1771 924 1831 est
953 1761 986 1828 in
1016 1781 1064 1846 co,
1095 1757 1179 1848 quod

10 1916 12 1921 .
59 1864 228 1952 «acquirit
251 1865 341 1932 etiam
366 1864 581 1954 perfectionem
605 1865 852 1953 superadditam,
886 1884 947 1953 qua
971 1862 1083 1930 limites
1107 1879 1179 1927 suae

56 1964 172 2037 formae
195 1966 330 2050 excedit,
355 1987 408 2034 seu
432 1988 507 2055 quae
528 1989 568 2035 en
592 1967 756 2056 principiis
777 1987 850 2035 satae
872 1971 1004 2033 catiaco
1027 1983 1089 2037 nort
1107 1982 1180 2052 pro·

59 2063 137 2152 duit,
163 2065 242 2135 sicut
263 2088 334 2136 cum
360 2067 457 2160 paries
485 2067 674 2159 depingitur,
700 2068 746 2135 vel
775 2088 826 2134 aer
850 2065 1070 2134 ittuninatur³
1091 2089 1120 2131 n.
1138 2063 1184 2133 At

60 2168 220 2236 intrinseco
243 2181 344 2236 motus
366 2190 432 2238 esse
455 2171 564 2239 dicitur
586 2171 619 2238 in
642 2190 691 2258 eo,
715 2169 798 2260 quod
821 2189 873 2258 per
887 2169 1051 2256 quamdam
1074 2166 1182 2234 iamin

61 2267 124 2358 ipso
148 2269 325 2339 existentem
350 2273 582 2367 perfectionem2
594 2283 750 2362 tamquam
775 2293 829 2360 per
844 2268 1026 2362 principium
1047 2254 1183 2336 ¹activum

62 2371 116 2438 sibi
142 2373 313 2463 proprium,
338 2373 426 2443 illurn
453 2387 656 2465 «operatum
680 2375 760 2444 sieut
782 2381 864 2464 putet
888 2373 1028 2441 inmoto
1053 2369 1185 2466 naturali

63 2475 162 2560 locati,
188 2485 216 2542 et
241 2474 271 2543 in
296 2475 461 2562 sanatione,
485 2498 563 2565 quae
585 2477 622 2544 fit
644 2475 757 2544 virtute
773 2487 900 2545 naturae
919 2473 1073 2541 tantum⁴
1093 2496 1123 2538 n.
1141 2471 1185 2537 lta

62 2575 154 2643 otiam
170 2596 276 2645 omnes
298 2577 487 2666 operationes
510 2579 629 2648 animae
644 2579 790 2647 dicuntur
805 2594 910 2648 motus
925 2578 964 2645 ab
978 2578 1140 2643 intrinseco
1157 2575 1184 2637 ⁵.

62 2678 148 2758 Quod
165 2678 190 2748 si
205 2679 439 2770 perfeetioquae
462 2681 522 2750 iam
539 2680 571 2750 in
589 2704 620 2750 re
635 2682 737 2752 existit
751 2681 845 2751 voluti
860 2678 1043 2771 principium
1057 2675 1186 2763 alicuius

64 2793 182 2869 motus,
210 2804 225 2846 a
251 2803 315 2850 non
339 2783 452 2852 sufficit
471 2786 509 2853 ad
533 2786 720 2873 operandum
744 2785 898 2872 effectum,
925 2783 977 2850 sed
1008 2791 1189 2868 cooperatur

64 2887 166 2976 agenti
190 2887 328 2955 exteriori
356 2912 386 2971 »ς
412 2897 487 2956 tunc
510 2899 613 2957 motus
635 2911 702 2960 esse
725 2888 838 2957 dieitur
861 2886 970 2978 partim
994 2883 1031 2952 ub
1045 2878 1192 2951 irr'triase·

66 3011 111 3074 co,
137 2988 249 3077 partim
271 2989 308 3058 od
329 2993 507 3079 extrinseco,
535 3014 551 3055 a
577 2991 656 3060 siout
680 3003 762 3080 putet
784 3013 855 3059 cum
871 3010 921 3057 ars
935 2993 1088 3056 ‘naturam
1105 2983 1191 3052 adiu

67 3096 147 3161 tut⁵
174 3119 204 3164 n.
232 3094 264 3164 2⁰
288 3095 333 3164 nt
355 3098 522 3166 eatrirtseeo
545 3096 655 3165 veritus
684 3096 813 3165 alicuius
837 3095 878 3163 rei
894 3091 1102 3182 cognoscitur,
1119 3108 1192 3173 cum

68 3216 108 3262 ex
131 3194 287 3284 principiis
309 3208 393 3265 extra
416 3211 556 3267 naturam
581 3200 623 3266 rei
648 3197 758 3266 sumtis
781 3205 901 3265 constat
920 3217 928 3271 ;
963 3203 1035 3282 puta
1058 3213 1095 3261 ex
1118 3190 1192 3257 aiio·

11 3302 14 3307 '
69 3318 141 3364 rum
165 3297 355 3374 auctoritate.
382 3299 428 3369 Ab
449 3301 622 3385 intrinseco,
646 3319 717 3366 eum
741 3296 932 3386 argumentis
954 3316 992 3361 ex
1015 3293 1076 3382 ipsa
1104 3303 1193 3359 natu-

70 3420 105 3467 ra
129 3399 172 3467 rei
195 3401 298 3489 petitis
319 3402 494 3485 evincitur;
517 3423 547 3470 e.
572 3427 620 3492 g„
645 3399 858 3470 immortalitas
892 3400 1010 3467 animae
1045 3400 1195 3466 humanae

12 3524 17 3533 ·
72 3521 110 3566 cx
133 3522 169 3569 eo
192 3504 275 3590 quod
308 3515 354 3572 est
375 3504 541 3573 substantia
571 3501 787 3571 immaterialis.
814 3501 846 3569 3⁰
872 3499 917 3570 Ao
944 3502 1109 3568 castrinsem
1142 3519 1198 3587 pro

12 3686 14 3699 Ι
71 3606 265 3694 extrinsece,
289 3619 380 3697 atque
402 3609 439 3676 ob
460 3611 623 3679 intrinseco
650 3628 707 3698 pro
729 3609 888 3675 iratrirtsrce
910 3608 1093 3696 quandoque
1120 3606 1198 3674 acci-

70 3708 202 3797 piuntur
216 3708 242 3776 ⁷.

111 3875 136 3946 ¹)
156 3876 302 3935 Advertito
314 3895 420 3940 nomen
433 3893 527 3942 motas
543 3882 638 3943 latiori
658 3899 743 3942 sensu
754 3866 971 3955 intelligendum
985 3877 1031 3933 tric
1044 3891 1117 3941 esse.
1130 3873 1196 3932 vit.

75 3977 131 4016 vox
151 3963 256 4031 Morus,
275 3964 329 4020 tut.
349 3965 399 4026 Mt

112 4051 138 4113 ²)
155 4049 183 4103 S.
203 4049 318 4119 Tuom„
338 4051 367 4107 in
387 4052 438 4110 lib.
458 4053 492 4111 tv
513 4054 605 4125 Sene,
626 4055 695 4111 Dist.
716 4054 803 4128 ΧΧΙΙ,
821 4073 853 4124 q.
870 4053 907 4121 tt,
928 4051 994 4124 a.l‚
1013 4053 1070 4109 rol.
1092 4049 1103 4104 l
1125 4066 1152 4106 c.

12 4152 36 4220 '.
115 4131 139 4200 3)
159 4135 234 4192 reru.
249 4163 286 4178 -
299 4137 323 4208 ⁴)
342 4139 422 4195 rora.
443 4168 478 4183 -
497 4141 521 4209 a
540 4141 563 4208 t,
583 4159 612 4211 q.
631 4141 776 4210 uxxvnr,
795 4158 823 4196 a.
845 4139 857 4195 ι
880 4155 908 4193 c.

109 4219 134 4289 ὃ)
154 4219 182 4273 tn
204 4221 252 4273 tib.
274 4218 308 4273 {V
330 4224 421 4289 Seno,
440 4226 497 4280 lor.
518 4226 568 4282 eit.
584 4253 618 4269 ·-
632 4227 655 4293 7)
677 4226 738 4280 Vid.
759 4228 810 4281 tras
831 4221 1049 4290 voces‚1itt.E.

145 4317 481 4391 Stasonmnumleoeiron
1003 4321 1022 4372 x
