2744 4770
55 367 194 437 madiam
216 369 305 457 qaid,
321 368 402 439 siout
415 371 600 460 esse'album
619 370 772 460 significat
795 362 871 443 esse'
882 362 1049 444 recaredum
1063 360 1139 464 qaid
1155 376 1179 445 t.

55 466 132 539 ludo
154 468 267 541 iterum
289 482 370 558 patet
391 473 491 562 illud,
516 472 599 562 quod
621 484 668 541 εει
690 474 800 544 altimo
818 479 988 566 perfectam
1005 529 1014 565 ,
1030 497 1103 567 ¹'asse
1116 477 1183 569 bo·

56 590 137 640 uurn
159 573 351 664 simpliciter,
376 574 448 664 quia
463 597 490 640 a
517 575 632 644 bouum
655 575 727 645 dicit
750 577 898 647 rationem
923 580 1047 671 perlecti
1064 618 1085 665 »,Ι
1099 579 1186 671 qppd

55 683 104 741 εει
142 676 329 766 appetibile,
355 686 385 744 et
407 696 459 764 por
482 697 679 765 consequens,
703 679 776 748 dicit
810 679 959 750 rationem
985 675 1085 750 ultinii
1110 678 1185 750 ἰε’

58 774 93 843 6*
121 777 309 865 Simpliciter
332 776 474 847 contenit
495 772 584 845 alicui
609 778 697 867 illud,
714 781 795 868 quod
812 781 838 849 ei
855 777 997 849 convenit
1012 782 1185 852 sectandam
1299 811 1303 819 ·

57 884 185 960 totamm
210 882 257 949 sin
278 881 444 950 secandam
463 888 612 972 partem,
636 880 749 951 dieitur
771 884 796 951 ei
820 883 982 953 conuenire
1015 868 1183 952 sectandam

59 983 148 1068 quid.
174 981 237 1049 Hae
258 991 361 1052 autern
385 981 417 1049 iu
440 1005 472 1050 re
496 983 569 1051 illud
598 995 703 1051 monet
718 1008 745 1055 s.
764 983 913 1071 Thomas,
941 974 968 1049 a
981 986 1066 1073 (quod
1082 984 1108 1054 si
1125 981 1182 1052 ali-

57 1085 133 1173 quid
156 1093 263 1151 natum
291 1082 331 1152 sit
352 1083 514 1153 contenire
536 1082 626 1152 alicui
661 1087 831 1155 seeundum
858 1096 958 1154 totum
982 1096 1012 1156 et
1035 1096 1179 1175 partem,

58 1185 85 1256 si
109 1186 309 1255 conveniatoi
332 1189 433 1256 solum
455 1186 626 1257 secundum
643 1198 771 1276 partera,
789 1187 902 1258 dicitur
917 1187 1078 1258 convenire
1092 1188 1119 1256 ei
1135 1210 1180 1258 se·

59 1291 200 1360 cundum
221 1288 309 1379 quid,
333 1300 363 1360 et
392 1311 455 1359 nou
478 1289 667 1378 simpliciam
692 1292 772 1361 sieut
799 1291 911 1361 dicitur
933 1290 1079 1378 Aethiops
1095 1291 1183 1360 albus

59 1391 228 1462 secundum
250 1392 365 1461 dentes:
390 1411 477 1461 secus
505 1401 608 1461 autern
631 1393 737 1462 estdc
759 1395 917 1484 eoquod
933 1413 995 1461 nou
1010 1401 1056 1460 est
1071 1403 1181 1461 natum

58 1492 181 1583 inesse,
206 1494 262 1563 nisi
284 1493 453 1571 secundum
477 1504 604 1581 partem,
634 1492 712 1562 sicot
734 1493 845 1583 aliquis
867 1492 980 1563 dicitur
1003 1491 1182 1583 simpliciter
1242 1558 1249 1569 ,

58 1593 188 1685 crispus,
213 1597 239 1665 si
261 1596 351 1664 babet
372 1593 497 1685 capillos
519 1595 661 1685 εείεροε3
683 1620 714 1666 a.

104 1698 382 1771 utalbitanus
412 1715 1184 1775 remnants-cousaouaurne-nnraatn-on

61 1822 215 1873 visionis.
243 1801 345 1872 Simul
366 1809 502 1892 tempore
530 1801 675 1869 dicuntur
698 1821 755 1888 ea,
790 1821 869 1888 quae
903 1798 995 1868 simul
1018 1797 1048 1865 in
1072 1799 1182 1869 eodem

61 1902 186 1974 instanti
209 1903 371 1990 existunt,
395 1925 424 1971 ε.
450 1925 496 1992 g,
520 1906 566 1972 sol
588 1914 619 1970 et
642 1905 695 1971 lux
722 1905 859 1972 existunt
888 1902 1182 1990 simultatetempa-

61 2008 132 2089 ris,
160 2009 292 2097 itemque
315 2008 409 2075 sicani
430 2012 566 2096 tetrrpore
588 2006 741 2075 obiectum
765 2005 885 2094 aliquod
910 2003 1016 2089 uideri,
1039 2011 1070 2071 et
1092 2023 1185 2070 sonus

61 2108 159 2177 audiri
185 2119 294 2199 potest.
324 2107 471 2178 Siaaadtas
487 2109 722 2195 'consequentiae
745 2118 791 2176 est
812 2106 891 2175 inter
906 2127 953 2192 ea,
970 2125 1102 2193 quaese
1118 2126 1185 2172 rnu-

61 2222 116 2281 tun
139 2211 301 2294 iulet‘unt3
327 2220 363 2279 ut
385 2208 462 2276 iuter
485 2207 599 2278 risibile
621 2221 652 2278 et
673 2209 787 2278 animal
802 2208 948 2276 rationale
967 2229 975 2288 ;
1000 2216 1079 2274 recte
1102 2203 1184 2274 enim

59 2314 140 2397 dico,
165 2325 212 2383 εει
234 2312 346 2382 animal
371 2310 527 2397 rationale,
551 2334 626 2401 ergo
653 2324 685 2382 et
706 2311 833 2398 risibile,
857 2322 888 2380 ει
905 2309 1049 2379 vicissim.
1069 2309 1184 2380 Simal-

61 2422 107 2487 tas
130 2422 262 2485 meacm
284 2423 330 2483 εει
351 2414 430 2481 inter
452 2433 497 2498 ea,
521 2432 599 2499 quae
622 2433 654 2481 se
676 2424 788 2480 mutuo
815 2420 945 2500 ponuat,
961 2420 992 2478 ει
1008 2411 1183 2494 destruunt,

61 2520 114 2590 sed
142 2518 181 2586 ita
206 2530 241 2587 ut
264 2527 408 2586 neutrum
425 2517 463 2585 sit
479 2538 569 2586 causa
592 2519 728 2604 alterius,
747 2529 781 2586 ut
796 2520 937 2606 duplum,
955 2527 985 2586 ει
1000 2517 1184 2605 dimidium,

61 2643 135 2689 nam
159 2620 184 2688 si
206 2621 333 2708 duplum
356 2629 412 2707 εει,
446 2620 606 2690 diutidium
629 2642 752 2710 quoque
775 2632 831 2707 est,
856 2630 886 2688 ει
907 2631 1024 2690 coatia.
1052 2620 1187 2709 Denique

61 2726 203 2795 siraaitas
225 2726 383 2801 divisionis
404 2737 451 2794 εει
474 2731 506 2793 iu
530 2724 578 2807 iis,
595 2746 673 2812 quae
698 2726 834 2794 eiusdem
851 2724 971 2812 generis
986 2735 1084 2811 partes
1099 2734 1184 2809 suut,

62 2838 98 2897 ut
121 2828 229 2912 borno,
253 2838 284 2896 ει
306 2827 417 2913 bellua,
442 2848 520 2916 quae
542 2827 700 2894 animalia
725 2827 800 2894 duas
823 2825 937 2916 species
959 2824 1110 2892 dividunt.

106 2925 215 2998 thtt.
239 2927 424 2998 Sitioenta
448 2928 842 2999 attalaia-romain
867 2947 1073 2997 stuuursrrs.
1099 2929 1124 2993 ⁴.

108 3028 190 3098 XlX.
216 3029 577 3101 Sanoua-Parsiana.
597 3029 761 3098 duunciari
778 3032 874 3098 solent
897 3029 935 3098 de
949 3048 1087 3118 corpore.
1112 3028 1184 3097 Cor·

60 3155 124 3225 pas
145 3132 307 3222 piraticam
329 3143 375 3201 est
397 3131 603 3221 compositam
626 3131 778 3220 quoddam
813 3151 851 3198 ox
874 3130 1000 3197 materia
1022 3140 1053 3198 ει
1074 3129 1183 3200 forma.

63 3234 132 3305 Hoc
156 3235 283 3324 pertinet
304 3236 342 3304 ad
354 3236 638 3326 praedicamentum
665 3233 864 3304 substantiae.
885 3231 1038 3319 Solidam,
1057 3234 1103 3301 tol
1119 3253 1185 3299 ma·

64 3337 266 3407 lbettmticam
287 3347 334 3408 εει
357 3338 524 3425 tergimeua
558 3336 599 3404 rei
623 3335 772 3422 extensio,
796 3357 856 3424 qua
881 3356 928 3404 res
942 3353 1102 3424 corporeas
1124 3355 1187 3404 rue-

66 3441 176 3511 timor.
201 3439 265 3508 Hoc
289 3439 417 3529 pertinet
439 3438 475 3506 ad
496 3438 782 3530 praedicamentum
804 3435 982 3525 quantitatis
1005 3435 1031 3502 ⁵.

110 3544 178 3614 XX.
204 3543 336 3618 stactes
360 3562 613 3615 turnarlonaurs
627 3560 790 3613 —aoatum
820 3539 939 3630 Species
957 3538 1055 3629 topica
1070 3547 1117 3610 est
1132 3558 1189 3608 uo-

67 3647 123 3735 tio,
140 3667 218 3736 quae
230 3648 388 3714 essentiam
405 3643 544 3733 pluribus
565 3641 729 3712 individuis
743 3662 940 3712 communem
957 3640 1091 3712 exbibet.
1109 3640 1189 3711 Haec

66 3760 170 3817 autern
194 3746 253 3815 dici
275 3748 353 3817 solet
374 3746 562 3832 subiicibilis,
586 3754 738 3834 quatenus
767 3742 888 3835 respicit
913 3765 1009 3834 genus
1032 3746 1187 3835 superius,

67 3850 127 3919 sub
149 3871 211 3938 quo
232 3849 427 3935 continetur,
452 3857 483 3917 et
497 3845 720 3937 praedicabilia,
748 3858 898 3935 quatenus
915 3844 1032 3935 respicit
1048 3847 1190 3917 inferiora

106 4071 130 4138 ι)
149 4070 171 4142 t,
189 4090 218 4144 q.
239 4071 273 4143 v,
292 4085 320 4129 a.
342 4067 356 4125 1
378 4085 403 4128 c.
420 4096 452 4115 -
468 4070 492 4138 ε)
510 4069 579 4125 tara.

104 4155 128 4223 ³)
151 4157 203 4230 Qq.
223 4158 332 4228 capp,
351 4175 378 4228 q.
400 4172 449 4212 nn.
465 4155 506 4212 De
522 4156 633 4213 otilone
648 4152 740 4217 Verbi
751 4155 920 4231 Irtcaraati,
935 4173 961 4214 a.
977 4153 993 4214 3
1008 4171 1033 4214 e.
1049 4154 1082 4213 Cf
1092 4171 1119 4227 p.
1133 4153 1180 4213 99.

105 4242 129 4313 ⁴)
149 4241 210 4300 vu.
231 4257 257 4315 p.
276 4240 402 4316 2id.··⁵)
422 4242 483 4302 Vid.
504 4257 531 4316 p.
552 4239 627 4315 288,Ι
