2760 4770
170 417 239 491 llll.
266 415 609 504 amnemamnem,
634 437 688 487 sere
716 432 947 488 teutrannus
961 411 1129 486 *lotan
1155 437 1260 487 unna*

123 548 244 600 ntnurs.
260 525 452 595 *Sunt-duaa
474 523 589 613 species
610 525 731 612 sumne
757 521 975 594 euidentiolia.
1012 523 1122 591 Forma
1145 523 1257 590 imaro

121 629 244 698 teriolis
265 639 312 697 est
333 649 413 718 quae
436 627 467 695 in
490 646 549 696 suo
577 645 640 694 esse
661 646 679 695 a
702 625 829 694 materia
860 642 924 695 non
958 626 1093 715 pendet,
1118 625 1261 713 adeoque

128 742 228 825 potest
251 741 386 821 separata
410 729 587 813 subsidam
601 750 704 819 'quam
721 729 769 799 -ob
789 727 938 798 rationem
955 728 1067 798 dieitur
1079 727 1172 797 etiam
1188 727 1258 795 aad·

129 834 244 905 sistam
271 831 455 904 Huiusmodi
477 843 525 904 est
555 831 656 902 anima
685 832 844 919 humana,
868 850 946 920 quae
968 831 1107 899 ordinem
1130 828 1255 920 quidem

128 935 219 1004 habet
240 935 278 1003 ad
301 933 530 1003 informandum
546 951 670 1023 corpus,
687 934 739 1002 sed
764 945 864 1003 tamen
888 933 927 1002 ab
950 932 1005 1002 illo
1027 950 1127 1022 neque
1149 934 1180 1001 in
1197 953 1262 1002 suo·

128 1056 192 1106 essa
215 1036 335 1126 pendet,
356 1033 430 1125 quia
452 1046 554 1125 potest
575 1035 642 1106 sinc
665 1055 796 1126 corpore
818 1035 998 1126 subsistere,
1024 1055 1123 1125 napae
1146 1035 1176 1105 in
1199 1056 1259 1104 suo

125 1140 223 1229 fiai,
246 1136 318 1228 quia
341 1136 440 1206 oritur
462 1158 516 1228 per
537 1136 720 1208 creationem
732 1137 754 1206 ¹.
780 1139 897 1208 Formo
924 1138 1103 1220 mamma,
1129 1140 1174 1208 tol
1196 1156 1259 1211 non

125 1242 288 1314 mdastuu
308 1250 357 1311 cst
377 1259 455 1329 quae
478 1238 510 1308 in
534 1259 593 1310 suo
620 1259 682 1308 esse
703 1258 721 1307 a
745 1239 870 1307 materia
894 1239 1014 1328 pendat,
1037 1242 1173 1329 adeoque
1202 1241 1257 1310 dc·

125 1343 284 1430 struitur,
320 1362 421 1429 oum,
458 1351 601 1432 pereunte
633 1344 839 1433 composito,
873 1363 891 1409 a
925 1343 1051 1413 matema
1080 1343 1254 1436 expellitur.

127 1444 313 1516 Huiusmodi
341 1455 415 1516 sunt
437 1445 553 1513 formae
573 1445 783 1534 corruptibiles
811 1465 915 1515 rerum
939 1447 1126 1536 genitarum,
1151 1468 1229 1537 quae
1242 1474 1260 1536 ,·

124 1571 200 1620 oum
221 1549 260 1619 de
282 1546 416 1638 putentia
440 1546 584 1616 materiae
610 1548 791 1636 eductmtor,
815 1548 1025 1620 scalentes
1050 1551 1176 1620 materia
1200 1564 1258 1638 per·

124 1653 194 1725 cius
216 1649 517 1737 transmutationem,
540 1651 581 1719 ub
604 1651 661 1721 ista
687 1662 718 1720 et
740 1672 803 1720 esse
824 1661 855 1719 et
876 1652 912 1721 in
933 1652 999 1741 fieri
1022 1653 1166 1742 pendent.
1193 1655 1261 1722 llae

125 1765 241 1839 autem,
255 1753 372 1825 formae
396 1754 577 1842 materiales,
601 1754 767 1823 adnotante
788 1775 815 1822 s.
830 1753 948 1823 Thomu
965 1752 989 1837 ²,
1008 1754 1118 1844 magis,
1136 1756 1182 1824 tol
1197 1750 1258 1824 miss

125 1878 189 1927 nus
211 1855 382 1927 materiales
404 1865 490 1943 sunt,
521 1877 556 1924 ac
579 1855 704 1948 proinde
728 1853 841 1944 minus,
871 1858 917 1925 vol
940 1855 1099 1946 magis-ad
1115 1857 1261 1928 immuto·

126 1958 291 2030 rialitatem
314 1957 484 2048 accedunt,
509 1959 551 2026 ob
572 1959 722 2028 diuersam
751 1959 926 2046 mtionem',
948 1972 1010 2048 quta
1033 1959 1070 2028 ad
1096 1959 1259 2030 materiam·

126 2058 353 2150 deprimuntur.
367 2061 456 2133 -Hinc
479 2060 581 2130 anima
604 2059 764 2146 belluina,
788 2060 846 2131 etsi
877 2059 916 2132 sit
938 2062 1038 2130 lorma
1060 2062 1251 2149 materialis,

127 2184 185 2234 sea
207 2183 271 2231 nou
293 2162 475 2250 subsistens,
501 2173 604 2234 tamen
627 2165 669 2233 ob
682 2162 889 2255 cognitionem
904 2164 1094 2249 sensitivam,
1111 2185 1171 2253 qua
1187 2167 1256 2253 pol-

126 2266 180 2353 let,
205 2264 358 2352 altiorem,
381 2285 475 2354 quam
498 2275 613 2335 ceterae
628 2264 743 2334 immae
758 2256 939 2356 materiales,
962 2267 1093 2356 gradum
1109 2268 1257 2358 occupat,

126 2379 158 2436 et
180 2365 218 2436 ad
241 2365 528 2455 immaterialitatem
549 2368 689 2458 proxime
711 2366 866 2447 acceditd.

174 2467 254 2539 lllll.
280 2467 391 2540 luam
415 2487 612 2539 rnnntusucn
628 2469 796 2540 -Funun
820 2486 1039 2540 axnnrusuon.
1066 2471 1183 2540 Fumo
1205 2473 1256 2539 in-

128 2572 260 2640 trinseco
281 2582 328 2640 est
352 2570 414 2662 ipsa
436 2572 540 2659 samso
561 2571 744 2658 insumus,
766 2570 828 2641 siue
847 2571 1068 2656 substantiolis,
1093 2570 1156 2640 sive
1176 2573 1256 2641 occi-

128 2672 272 2762 dentalia,
296 2673 354 2741 hae
375 2670 458 2742 enim
479 2670 735 2764 compositionem
764 2671 858 2762 ipsius
882 2671 924 2740 rci
947 2670 1184 2762 ingrediuntur,
1208 2684 1256 2743 at-

129 2795 191 2866 que
214 2771 280 2845 eius
301 2775 433 2844 esse-vel
457 2773 671 2862 substantiale,
700 2777 747 2844 uel
770 2773 952 2844 accidentale
976 2774 1159 2847 intrinsecus
1181 2798 1254 2847 oon·

127 2875 274 2945 stituunt.
309 2875 422 2944 Forma
443 2877 616 2946 emmrrseco
641 2885 688 2944 est
710 2886 795 2945 extra
817 2875 961 2946 allectum
984 2875 1036 2967 qui
1060 2879 1250 2968 producitur.

128 2978 211 3048 llaec
232 2985 341 3046 autem
360 2978 405 3047 ut
427 2979 480 3048 dat
501 2979 667 3051 efficienter·
688 3001 762 3069 ocae,
779 2989 815 3049 ut
836 2980 917 3049 licus
937 2983 1096 3064 creaturis
1121 2984 1168 3053 vel
1186 2994 1252 3053 tan·

127 3092 198 3150 tum
229 3077 369 3167 motai,
393 3089 431 3148 ut
452 3090 545 3150 nauta
567 3081 637 3152 naui
655 3103 664 3166 3
692 3094 723 3152 ot
746 3093 875 3172 utraque
901 3082 1015 3153 dicitur
1035 3084 1128 3154 etiam
1149 3087 1254 3174 forma

127 3185 298 3264 ossidms3
323 3183 369 3251 acl
391 3193 437 3252 cst
460 3182 511 3252 illa
524 3213 543 3272 ,·
557 3206 651 3275 quam
674 3207 769 3276 agens
790 3185 949 3276 imitatur,
974 3198 1010 3257 ut
1032 3189 1137 3258 vultus
1160 3191 1252 3281 regis,

128 3284 221 3358 cuius
242 3281 407 3375 imaginem
432 3285 530 3377 pictor
551 3296 663 3356 exurat:
680 3306 743 3378 quo
764 3306 856 3360 scnsu
869 3308 960 3358 causa
975 3290 1162 3384 exemplaris
1183 3303 1254 3383 pot·

76 3402 78 3430 ⁵
125 3404 173 3465 est
187 3390 332 3482 appellari
353 3391 457 3478 sonmo
472 3391 498 3459 ⁴.
682 3393 685 3398 '

172 3492 220 3562 Ex
245 3493 301 3561 hac
321 3491 516 3563 distinctione
542 3515 557 3559 r
574 3493 743 3565 Gentilium
765 3514 863 3583 error,
889 3504 924 3562 ut
944 3517 972 3566 s.
990 3493 1124 3566 'ihomas
1140 3494 1252 3589 inquit,

128 3602 304 3686 emautur,
327 3592 382 3686 qui
406 3593 545 3664 dicebant
567 3595 667 3666 licum
689 3616 756 3668 esse
778 3594 914 3664 animam
936 3596 1025 3686 cocti,
1041 3599 1087 3671 vel
1109 3597 1201 3669 etiam
1221 3620 1267 3670 a-.

167 3785 193 3858 ¹)
212 3784 512 3860 temporaneum
530 3788 604 3846 haee
621 3786 658 3844 ad
671 3785 798 3850 animam
814 3789 970 3848 humanam
988 3797 1120 3858 apostare
1137 3789 1258 3851 demum·

122 3881 250 3943 stratur,
264 3871 328 3931 aide
345 3873 420 3944 apud
439 3871 642 3942 Suuseverino,
668 3872 759 3930 Elem.
780 3871 987 3946 Portemus,
1005 3872 1161 3947 Ammon,
1181 3878 1251 3952 ιιι,

122 3955 468 4117 μἰἰὲ;.ῗῖι;ιι.,ὁ’ὒῗ
477 3954 697 4117 ἓνιῖιιιι.’,1ἆ.2ι,
715 4030 744 4102 a.
768 4038 783 4099 l
803 4039 839 4100 ad
855 4040 887 4116 ι,
907 4051 937 4101 et
956 4042 1067 4102 couno
1086 4041 1183 4119 oenc,
1201 4045 1254 4106 tib.

121 4124 326 4284 ΙΗῖιοιιιξῐῦιιιι,
345 4228 423 4288 quac
440 4215 478 4271 da
496 4212 593 4271 anima
617 4210 745 4270 belluina
764 4211 912 4280 dicuutur,
931 4211 989 4274 tid.
1008 4211 1212 4290 sanctuarium
1230 4218 1251 4278 l·

124 4302 203 4373 bid,
225 4299 364 4372 Carmel..
385 4311 406 4360 ι.
426 4298 461 4373 tt,
475 4316 507 4360 o.
527 4301 575 4374 tv,
593 4317 621 4359 a.
642 4297 733 4375 3,-4)
752 4294 816 4358 ιιι.
834 4314 862 4374 p.
882 4297 931 4360 ts.
1050 4328 1056 4335 ·
