<?xml version="1.0" encoding="UTF-8"?>
<!DOCTYPE html PUBLIC "-//W3C//DTD XHTML 1.0 Transitional//EN"
    "http://www.w3.org/TR/xhtml1/DTD/xhtml1-transitional.dtd">
<html xmlns="http://www.w3.org/1999/xhtml" xml:lang="en" lang="en">
 <head>
  <title>
</title>
<meta http-equiv="Content-Type" content="text/html;charset=utf-8" />
  <meta name='ocr-system' content='tesseract 3.04.00' />
  <meta name='ocr-capabilities' content='ocr_page ocr_carea ocr_par ocr_line ocrx_word'/>
</head>
<body>
  <div class='ocr_page' id='page_1' title='image "./lexiconperipate00signgoog/lexiconperipate00signgoog_0261.png"; bbox 0 0 2760 4770; ppageno 0'>
   <div class='ocr_carea' id='block_1_1' title="bbox 119 270 1245 3114">
    <p class='ocr_par' dir='ltr' id='par_1_1' title="bbox 119 270 1245 1281">
     <span class='ocr_line' id='line_1_1' title="bbox 168 270 779 343; baseline 0.008 -5"><span class='ocrx_word' id='word_1_1' title='bbox 168 270 234 340; x_wconf 68' lang='grc' dir='ltr'>9.·ὶο</span> <span class='ocrx_word' id='word_1_2' title='bbox 625 304 668 325; x_wconf 89' lang='lat'><strong>··-</strong></span> <span class='ocrx_word' id='word_1_3' title='bbox 691 274 713 343; x_wconf 81' lang='lat' dir='ltr'>P</span> <span class='ocrx_word' id='word_1_4' title='bbox 736 310 779 326; x_wconf 90' lang='lat'>-</span> 
     </span>
     <span class='ocr_line' id='line_1_2' title="bbox 130 386 1245 478; baseline 0.004 -31"><span class='ocrx_word' id='word_1_5' title='bbox 130 404 189 469; x_wconf 80' lang='lat' dir='ltr'><strong>res,</strong></span> <span class='ocrx_word' id='word_1_6' title='bbox 214 406 292 472; x_wconf 83' lang='lat' dir='ltr'><strong>quae</strong></span> <span class='ocrx_word' id='word_1_7' title='bbox 318 386 357 454; x_wconf 84' lang='lat' dir='ltr'><strong>ita</strong></span> <span class='ocrx_word' id='word_1_8' title='bbox 379 395 425 457; x_wconf 87' lang='lat' dir='ltr'><strong>est</strong></span> <span class='ocrx_word' id='word_1_9' title='bbox 446 396 630 475; x_wconf 75' lang='lat' dir='ltr'><strong>eornpmuta,</strong></span> <span class='ocrx_word' id='word_1_10' title='bbox 655 401 689 455; x_wconf 89' lang='lat' dir='ltr'><strong>ut</strong></span> <span class='ocrx_word' id='word_1_11' title='bbox 713 390 825 473; x_wconf 88' lang='lat' dir='ltr'><strong>linem,</strong></span> <span class='ocrx_word' id='word_1_12' title='bbox 853 397 990 478; x_wconf 92' lang='lat' dir='ltr'><strong>propter</strong></span> <span class='ocrx_word' id='word_1_13' title='bbox 1016 410 1116 477; x_wconf 89' lang='lat' dir='ltr'><strong>quem</strong></span> <span class='ocrx_word' id='word_1_14' title='bbox 1140 386 1245 457; x_wconf 80' lang='lat' dir='ltr'><strong>instituta</strong></span> 
     </span>
     <span class='ocr_line' id='line_1_3' title="bbox 128 487 1241 578; baseline -0.001 -27"><span class='ocrx_word' id='word_1_15' title='bbox 128 496 184 569; x_wconf 82' lang='lat' dir='ltr'><strong>est,</strong></span> <span class='ocrx_word' id='word_1_16' title='bbox 209 498 423 578; x_wconf 74' lang='lat' dir='ltr'><strong>consequatuq</strong></span> <span class='ocrx_word' id='word_1_17' title='bbox 449 487 527 556; x_wconf 91' lang='lat' dir='ltr'><strong>sicut</strong></span> <span class='ocrx_word' id='word_1_18' title='bbox 562 489 655 557; x_wconf 81' lang='lat' dir='ltr'><strong>borno</strong></span> <span class='ocrx_word' id='word_1_19' title='bbox 677 510 747 555; x_wconf 91' lang='lat' dir='ltr'><strong>oum</strong></span> <span class='ocrx_word' id='word_1_20' title='bbox 781 487 991 578; x_wconf 86' lang='lat' dir='ltr'><strong>consequitur</strong></span> <span class='ocrx_word' id='word_1_21' title='bbox 1032 489 1241 558; x_wconf 83' lang='lat' dir='ltr'><strong>beatitudinem.</strong></span> 
     </span>
     <span class='ocr_line' id='line_1_4' title="bbox 131 584 1243 680; baseline 0.005 -32"><span class='ocrx_word' id='word_1_22' title='bbox 131 584 209 653; x_wconf 86' lang='lat' dir='ltr'><strong>lliue</strong></span> <span class='ocrx_word' id='word_1_23' title='bbox 231 588 284 676; x_wconf 89' lang='lat' dir='ltr'><strong>qui</strong></span> <span class='ocrx_word' id='word_1_24' title='bbox 308 591 507 678; x_wconf 71' lang='lat' dir='ltr'><strong>consequitur</strong></span> <span class='ocrx_word' id='word_1_25' title='bbox 530 592 623 658; x_wconf 84' lang='lat' dir='ltr'><strong>finem</strong></span> <span class='ocrx_word' id='word_1_26' title='bbox 648 591 677 658; x_wconf 92' lang='lat' dir='ltr'><strong>in</strong></span> <span class='ocrx_word' id='word_1_27' title='bbox 702 590 815 676; x_wconf 82' lang='lat' dir='ltr'><strong>malis,</strong></span> <span class='ocrx_word' id='word_1_28' title='bbox 839 592 946 678; x_wconf 87' lang='lat' dir='ltr'><strong>potius</strong></span> <span class='ocrx_word' id='word_1_29' title='bbox 969 592 1129 680; x_wconf 79' lang='lat' dir='ltr'><strong>deficiens</strong></span> <span class='ocrx_word' id='word_1_30' title='bbox 1149 590 1243 669; x_wconf 85' lang='lat' dir='ltr'><strong>dieitur,</strong></span> 
     </span>
     <span class='ocr_line' id='line_1_5' title="bbox 128 688 1241 781; baseline 0.007 -32"><span class='ocrx_word' id='word_1_31' title='bbox 128 707 220 770; x_wconf 88' lang='lat' dir='ltr'><strong>quam</strong></span> <span class='ocrx_word' id='word_1_32' title='bbox 242 689 652 777; x_wconf 76' lang='lat' dir='ltr'><strong>perfeetacs‚quiun1alrriu</strong></span> <span class='ocrx_word' id='word_1_33' title='bbox 685 701 728 757; x_wconf 72' lang='lat' dir='ltr'><strong>est</strong></span> <span class='ocrx_word' id='word_1_34' title='bbox 753 690 877 777; x_wconf 76' lang='lat' dir='ltr'>privatio</span> <span class='ocrx_word' id='word_1_35' title='bbox 902 691 1036 760; x_wconf 85' lang='lat' dir='ltr'><strong>debitae</strong></span> <span class='ocrx_word' id='word_1_36' title='bbox 1062 688 1241 781; x_wconf 78' lang='lat' dir='ltr'><strong>perfectionis.</strong></span> 
     </span>
     <span class='ocr_line' id='line_1_6' title="bbox 131 784 1242 882; baseline 0.005 -32"><span class='ocrx_word' id='word_1_37' title='bbox 131 784 195 853; x_wconf 89' lang='lat' dir='ltr'><strong>Nisi</strong></span> <span class='ocrx_word' id='word_1_38' title='bbox 218 791 300 875; x_wconf 87' lang='lat' dir='ltr'><strong>qued</strong></span> <span class='ocrx_word' id='word_1_39' title='bbox 323 810 393 857; x_wconf 91' lang='lat' dir='ltr'><strong>cum</strong></span> <span class='ocrx_word' id='word_1_40' title='bbox 418 789 488 857; x_wconf 82' lang='lat' dir='ltr'><strong>finis</strong></span> <span class='ocrx_word' id='word_1_41' title='bbox 509 789 549 857; x_wconf 91' lang='lat' dir='ltr'><strong>sit</strong></span> <span class='ocrx_word' id='word_1_42' title='bbox 570 791 723 877; x_wconf 81' lang='lat' dir='ltr'><strong>quoddam</strong></span> <span class='ocrx_word' id='word_1_43' title='bbox 749 789 907 877; x_wconf 85' lang='lat' dir='ltr'><strong>ultimum,</strong></span> <span class='ocrx_word' id='word_1_44' title='bbox 935 790 1014 861; x_wconf 91' lang='lat' dir='ltr'><strong>ideo</strong></span> <span class='ocrx_word' id='word_1_45' title='bbox 1031 813 1089 881; x_wconf 92' lang='lat' dir='ltr'><strong>per</strong></span> <span class='ocrx_word' id='word_1_46' title='bbox 1105 791 1242 882; x_wconf 74' lang='lat' dir='ltr'><strong>quamdin</strong></span> 
     </span>
     <span class='ocr_line' id='line_1_7' title="bbox 119 885 1242 984; baseline 0.007 -30"><span class='ocrx_word' id='word_1_47' title='bbox 119 885 361 957; x_wconf 79' lang='lat' dir='ltr'><strong>:similitudinem</strong></span> <span class='ocrx_word' id='word_1_48' title='bbox 385 892 595 961; x_wconf 76' lang='lat' dir='ltr'><strong>transferimus</strong></span> <span class='ocrx_word' id='word_1_49' title='bbox 619 913 730 960; x_wconf 84' lang='lat' dir='ltr'><strong>nonren</strong></span> <span class='ocrx_word' id='word_1_50' title='bbox 746 893 939 980; x_wconf 68' lang='lat' dir='ltr'><strong>perfeetionis</strong></span> <span class='ocrx_word' id='word_1_51' title='bbox 965 895 1009 960; x_wconf 88' lang='lat' dir='ltr'><strong>ad</strong></span> <span class='ocrx_word' id='word_1_52' title='bbox 1034 914 1085 980; x_wconf 85' lang='lat' dir='ltr'><strong>eu,</strong></span> <span class='ocrx_word' id='word_1_53' title='bbox 1103 915 1181 984; x_wconf 87' lang='lat' dir='ltr'><strong>quae</strong></span> <span class='ocrx_word' id='word_1_54' title='bbox 1199 914 1242 980; x_wconf 87' lang='lat' dir='ltr'><strong>per·</strong></span> 
     </span>
     <span class='ocr_line' id='line_1_8' title="bbox 133 988 1241 1079; baseline 0.008 -28"><span class='ocrx_word' id='word_1_55' title='bbox 133 988 259 1056; x_wconf 75' lang='lat' dir='ltr'><strong>veniunt</strong></span> <span class='ocrx_word' id='word_1_56' title='bbox 282 992 318 1057; x_wconf 89' lang='lat' dir='ltr'><strong>ad</strong></span> <span class='ocrx_word' id='word_1_57' title='bbox 345 992 514 1079; x_wconf 72' lang='lat' dir='ltr'><strong>ultimum,</strong></span> <span class='ocrx_word' id='word_1_58' title='bbox 551 995 619 1061; x_wconf 89' lang='lat' dir='ltr'><strong>lieet</strong></span> <span class='ocrx_word' id='word_1_59' title='bbox 642 994 681 1062; x_wconf 88' lang='lat' dir='ltr'><strong>sit</strong></span> <span class='ocrx_word' id='word_1_60' title='bbox 705 996 832 1061; x_wconf 81' lang='lat' dir='ltr'><strong>malurn</strong></span> <span class='ocrx_word' id='word_1_61' title='bbox 858 994 921 1062; x_wconf 91' lang='lat' dir='ltr'><strong>lloc</strong></span> <span class='ocrx_word' id='word_1_62' title='bbox 944 1014 1050 1065; x_wconf 88' lang='lat' dir='ltr'><strong>sensu</strong></span> <span class='ocrx_word' id='word_1_63' title='bbox 1078 995 1192 1064; x_wconf 90' lang='lat' dir='ltr'><strong>dicitur</strong></span> <span class='ocrx_word' id='word_1_64' title='bbox 1208 994 1241 1060; x_wconf 89' lang='lat' dir='ltr'><strong>ali·</strong></span> 
     </span>
     <span class='ocr_line' id='line_1_9' title="bbox 130 1089 1239 1181; baseline 0.008 -27"><span class='ocrx_word' id='word_1_65' title='bbox 130 1089 203 1174; x_wconf 90' lang='lat' dir='ltr'><strong>quid</strong></span> <span class='ocrx_word' id='word_1_66' title='bbox 227 1095 473 1181; x_wconf 67' lang='lat' dir='ltr'><strong>preceperat,</strong></span> <span class='ocrx_word' id='word_1_67' title='bbox 498 1097 543 1163; x_wconf 88' lang='lat' dir='ltr'><strong>rel</strong></span> <span class='ocrx_word' id='word_1_68' title='bbox 568 1093 732 1181; x_wconf 81' lang='lat' dir='ltr'><strong>corrmnpi,</strong></span> <span class='ocrx_word' id='word_1_69' title='bbox 764 1093 885 1181; x_wconf 87' lang='lat' dir='ltr'><strong>quaudo</strong></span> <span class='ocrx_word' id='word_1_70' title='bbox 908 1093 992 1163; x_wconf 89' lang='lat' dir='ltr'><strong>nibil</strong></span> <span class='ocrx_word' id='word_1_71' title='bbox 1025 1098 1118 1166; x_wconf 87' lang='lat' dir='ltr'><strong>deest</strong></span> <span class='ocrx_word' id='word_1_72' title='bbox 1142 1097 1178 1164; x_wconf 88' lang='lat' dir='ltr'><strong>de</strong></span> <span class='ocrx_word' id='word_1_73' title='bbox 1196 1114 1239 1163; x_wconf 87' lang='lat' dir='ltr'><strong>cer·</strong></span> 
     </span>
     <span class='ocr_line' id='line_1_10' title="bbox 134 1191 663 1281; baseline 0.004 -26"><span class='ocrx_word' id='word_1_74' title='bbox 134 1191 288 1278; x_wconf 84' lang='lat' dir='ltr'><strong>ruptione,</strong></span> <span class='ocrx_word' id='word_1_75' title='bbox 314 1195 358 1261; x_wconf 88' lang='lat' dir='ltr'><strong>rel</strong></span> <span class='ocrx_word' id='word_1_76' title='bbox 384 1193 549 1281; x_wconf 77' lang='lat' dir='ltr'><strong>perditione</strong></span> <span class='ocrx_word' id='word_1_77' title='bbox 573 1195 615 1261; x_wconf 90' lang='lat' dir='ltr'><strong>rei</strong></span> <span class='ocrx_word' id='word_1_78' title='bbox 641 1194 663 1257; x_wconf 76' lang='lat'><strong>¹.</strong></span> 
     </span>
    </p>

    <p class='ocr_par' dir='ltr' id='par_1_2' title="bbox 124 1293 1244 2197">
     <span class='ocr_line' id='line_1_11' title="bbox 179 1293 1240 1368; baseline 0.005 -10"><span class='ocrx_word' id='word_1_79' title='bbox 179 1293 216 1362; x_wconf 87' lang='lat' dir='ltr'><strong>X.</strong></span> <span class='ocrx_word' id='word_1_80' title='bbox 250 1295 432 1366; x_wconf 82' lang='lat' dir='ltr'><strong>Pnurecrro</strong></span> <span class='ocrx_word' id='word_1_81' title='bbox 457 1317 660 1366; x_wconf 79' lang='lat' dir='ltr'><strong>surrnrcrrnn</strong></span> <span class='ocrx_word' id='word_1_82' title='bbox 685 1315 1240 1368; x_wconf 64' lang='lat' dir='ltr'><strong>surrcux-sturmen—securum</strong></span> 
     </span>
     <span class='ocr_line' id='line_1_12' title="bbox 133 1396 1243 1486; baseline -0.006 -18"><span class='ocrx_word' id='word_1_83' title='bbox 133 1413 222 1468; x_wconf 78' lang='lat' dir='ltr'><strong>euru.</strong></span> <span class='ocrx_word' id='word_1_84' title='bbox 248 1396 347 1464; x_wconf 73' lang='lat' dir='ltr'><strong>l&#39;rimu</strong></span> <span class='ocrx_word' id='word_1_85' title='bbox 369 1407 413 1464; x_wconf 87' lang='lat' dir='ltr'><strong>est</strong></span> <span class='ocrx_word' id='word_1_86' title='bbox 436 1397 590 1484; x_wconf 72' lang='lat' dir='ltr'><strong>perfectio,</strong></span> <span class='ocrx_word' id='word_1_87' title='bbox 607 1417 684 1486; x_wconf 77' lang='lat' dir='ltr'><strong>qnam</strong></span> <span class='ocrx_word' id='word_1_88' title='bbox 708 1398 738 1464; x_wconf 91' lang='lat' dir='ltr'><strong>iu</strong></span> <span class='ocrx_word' id='word_1_89' title='bbox 763 1396 951 1465; x_wconf 82' lang='lat' dir='ltr'><strong>spiratione</strong></span> <span class='ocrx_word' id='word_1_90' title='bbox 977 1419 1116 1466; x_wconf 88' lang='lat' dir='ltr'><strong>omuem</strong></span> <span class='ocrx_word' id='word_1_91' title='bbox 1142 1397 1243 1467; x_wconf 79' lang='lat' dir='ltr'><strong>excludit</strong></span> 
     </span>
     <span class='ocr_line' id='line_1_13' title="bbox 134 1495 1241 1587; baseline 0.005 -28"><span class='ocrx_word' id='word_1_92' title='bbox 134 1495 296 1584; x_wconf 82' lang='lat' dir='ltr'><strong>delectum,</strong></span> <span class='ocrx_word' id='word_1_93' title='bbox 322 1517 440 1567; x_wconf 87' lang='lat' dir='ltr'><strong>necnon</strong></span> <span class='ocrx_word' id='word_1_94' title='bbox 457 1497 677 1587; x_wconf 88' lang='lat' dir='ltr'><strong>oppositionem</strong></span> <span class='ocrx_word' id='word_1_95' title='bbox 700 1519 772 1565; x_wconf 90' lang='lat' dir='ltr'><strong>cum</strong></span> <span class='ocrx_word' id='word_1_96' title='bbox 795 1496 913 1583; x_wconf 86' lang='lat' dir='ltr'><strong>maiori,</strong></span> <span class='ocrx_word' id='word_1_97' title='bbox 938 1508 999 1565; x_wconf 85' lang='lat' dir='ltr'><strong>aut</strong></span> <span class='ocrx_word' id='word_1_98' title='bbox 1023 1499 1153 1587; x_wconf 87' lang='lat' dir='ltr'><strong>aequali</strong></span> <span class='ocrx_word' id='word_1_99' title='bbox 1177 1499 1241 1587; x_wconf 85' lang='lat' dir='ltr'><strong>pedu·</strong></span> 
     </span>
     <span class='ocr_line' id='line_1_14' title="bbox 135 1596 1242 1686; baseline 0.005 -24"><span class='ocrx_word' id='word_1_100' title='bbox 135 1596 256 1675; x_wconf 86' lang='lat' dir='ltr'><strong>ctienc;</strong></span> <span class='ocrx_word' id='word_1_101' title='bbox 280 1618 308 1666; x_wconf 87' lang='lat' dir='ltr'><strong>e.</strong></span> <span class='ocrx_word' id='word_1_102' title='bbox 334 1619 381 1685; x_wconf 83' lang='lat' dir='ltr'><strong>g.‚</strong></span> <span class='ocrx_word' id='word_1_103' title='bbox 407 1598 560 1686; x_wconf 86' lang='lat' dir='ltr'><strong>sapientia.</strong></span> <span class='ocrx_word' id='word_1_104' title='bbox 586 1599 686 1665; x_wconf 85' lang='lat' dir='ltr'><strong>Altera</strong></span> <span class='ocrx_word' id='word_1_105' title='bbox 709 1608 766 1683; x_wconf 88' lang='lat' dir='ltr'><strong>est,</strong></span> <span class='ocrx_word' id='word_1_106' title='bbox 790 1617 867 1683; x_wconf 87' lang='lat' dir='ltr'><strong>quae</strong></span> <span class='ocrx_word' id='word_1_107' title='bbox 890 1617 1022 1664; x_wconf 91' lang='lat' dir='ltr'><strong>omnem</strong></span> <span class='ocrx_word' id='word_1_108' title='bbox 1054 1600 1194 1669; x_wconf 82' lang='lat' dir='ltr'><strong>excludit</strong></span> <span class='ocrx_word' id='word_1_109' title='bbox 1210 1600 1242 1668; x_wconf 85' lang='lat' dir='ltr'><strong>de</strong></span> 
     </span>
     <span class='ocr_line' id='line_1_15' title="bbox 139 1696 1241 1790; baseline 0.009 -29"><span class='ocrx_word' id='word_1_110' title='bbox 139 1696 262 1784; x_wconf 83' lang='lat' dir='ltr'><strong>lectum,</strong></span> <span class='ocrx_word' id='word_1_111' title='bbox 288 1720 351 1767; x_wconf 91' lang='lat' dir='ltr'><strong>non</strong></span> <span class='ocrx_word' id='word_1_112' title='bbox 373 1710 474 1768; x_wconf 90' lang='lat' dir='ltr'><strong>autem</strong></span> <span class='ocrx_word' id='word_1_113' title='bbox 499 1699 721 1789; x_wconf 89' lang='lat' dir='ltr'><strong>oppositionem</strong></span> <span class='ocrx_word' id='word_1_114' title='bbox 746 1720 816 1765; x_wconf 90' lang='lat' dir='ltr'><strong>eum</strong></span> <span class='ocrx_word' id='word_1_115' title='bbox 839 1697 894 1764; x_wconf 84' lang='lat' dir='ltr'><strong>alia</strong></span> <span class='ocrx_word' id='word_1_116' title='bbox 920 1698 979 1765; x_wconf 85' lang='lat' dir='ltr'><strong>sibi</strong></span> <span class='ocrx_word' id='word_1_117' title='bbox 1004 1703 1150 1789; x_wconf 85' lang='lat' dir='ltr'><strong>aequali;</strong></span> <span class='ocrx_word' id='word_1_118' title='bbox 1173 1724 1198 1771; x_wconf 88' lang='lat' dir='ltr'><strong>e.</strong></span> <span class='ocrx_word' id='word_1_119' title='bbox 1213 1724 1241 1790; x_wconf 73' lang='lat' dir='ltr'><strong>p,</strong></span> 
     </span>
     <span class='ocr_line' id='line_1_16' title="bbox 127 1799 1244 1889; baseline 0.004 -23"><span class='ocrx_word' id='word_1_120' title='bbox 127 1799 310 1869; x_wconf 73' lang='lat' dir='ltr'><strong>rotondus</strong></span> <span class='ocrx_word' id='word_1_121' title='bbox 332 1802 457 1888; x_wconf 84' lang='lat' dir='ltr'><strong>Divino,</strong></span> <span class='ocrx_word' id='word_1_122' title='bbox 483 1822 559 1889; x_wconf 88' lang='lat' dir='ltr'><strong>quae</strong></span> <span class='ocrx_word' id='word_1_123' title='bbox 576 1801 650 1869; x_wconf 91' lang='lat' dir='ltr'><strong>nibil</strong></span> <span class='ocrx_word' id='word_1_124' title='bbox 666 1802 792 1868; x_wconf 82' lang='lat' dir='ltr'><strong>ommno</strong></span> <span class='ocrx_word' id='word_1_125' title='bbox 808 1799 1025 1889; x_wconf 80' lang='lat' dir='ltr'><strong>imperfectum</strong></span> <span class='ocrx_word' id='word_1_126' title='bbox 1043 1806 1196 1887; x_wconf 71' lang='lat' dir='ltr'><strong>continet,</strong></span> <span class='ocrx_word' id='word_1_127' title='bbox 1213 1803 1244 1871; x_wconf 84' lang='lat' dir='ltr'><strong>sel</strong></span> 
     </span>
     <span class='ocr_line' id='line_1_17' title="bbox 130 1901 1244 1992; baseline 0.001 -26"><span class='ocrx_word' id='word_1_128' title='bbox 130 1911 248 1970; x_wconf 88' lang='lat' dir='ltr'><strong>tuntum</strong></span> <span class='ocrx_word' id='word_1_129' title='bbox 272 1924 344 1971; x_wconf 92' lang='lat' dir='ltr'><strong>eum</strong></span> <span class='ocrx_word' id='word_1_130' title='bbox 364 1905 527 1973; x_wconf 73' lang='lat' dir='ltr'><strong>libatione</strong></span> <span class='ocrx_word' id='word_1_131' title='bbox 543 1916 670 1992; x_wconf 78' lang='lat' dir='ltr'><strong>pugnat.</strong></span> <span class='ocrx_word' id='word_1_132' title='bbox 690 1902 793 1970; x_wconf 87' lang='lat' dir='ltr'><strong>Tertia</strong></span> <span class='ocrx_word' id='word_1_133' title='bbox 816 1913 873 1985; x_wconf 84' lang='lat' dir='ltr'><strong>est,</strong></span> <span class='ocrx_word' id='word_1_134' title='bbox 887 1922 965 1990; x_wconf 72' lang='lat' dir='ltr'><strong>(puae</strong></span> <span class='ocrx_word' id='word_1_135' title='bbox 990 1913 1023 1970; x_wconf 92' lang='lat' dir='ltr'><strong>et</strong></span> <span class='ocrx_word' id='word_1_136' title='bbox 1050 1904 1087 1972; x_wconf 91' lang='lat' dir='ltr'><strong>in</strong></span> <span class='ocrx_word' id='word_1_137' title='bbox 1113 1927 1147 1973; x_wconf 91' lang='lat' dir='ltr'><strong>se</strong></span> <span class='ocrx_word' id='word_1_138' title='bbox 1161 1901 1244 1992; x_wconf 84' lang='lat' dir='ltr'><strong>aliquid</strong></span> 
     </span>
     <span class='ocr_line' id='line_1_18' title="bbox 124 2003 1244 2096; baseline -0.002 -25"><span class='ocrx_word' id='word_1_139' title='bbox 124 2006 302 2096; x_wconf 80' lang='lat' dir='ltr'><strong>imperfecti</strong></span> <span class='ocrx_word' id='word_1_140' title='bbox 324 2007 494 2075; x_wconf 79' lang='lat' dir='ltr'><strong>admixtum</strong></span> <span class='ocrx_word' id='word_1_141' title='bbox 528 2007 642 2096; x_wconf 81' lang='lat' dir='ltr'><strong>babet,</strong></span> <span class='ocrx_word' id='word_1_142' title='bbox 679 2017 708 2075; x_wconf 89' lang='lat' dir='ltr'><strong>et</strong></span> <span class='ocrx_word' id='word_1_143' title='bbox 741 2026 814 2074; x_wconf 91' lang='lat' dir='ltr'><strong>eum</strong></span> <span class='ocrx_word' id='word_1_144' title='bbox 838 2006 894 2073; x_wconf 85' lang='lat' dir='ltr'><strong>alia</strong></span> <span class='ocrx_word' id='word_1_145' title='bbox 918 2004 1073 2075; x_wconf 87' lang='lat' dir='ltr'><strong>nobiliori</strong></span> <span class='ocrx_word' id='word_1_146' title='bbox 1101 2003 1244 2077; x_wconf 84' lang='lat' dir='ltr'><strong>consociari</strong></span> 
     </span>
     <span class='ocr_line' id='line_1_19' title="bbox 135 2119 691 2197; baseline 0.011 -25"><span class='ocrx_word' id='word_1_147' title='bbox 135 2128 198 2174; x_wconf 89' lang='lat' dir='ltr'><strong>non</strong></span> <span class='ocrx_word' id='word_1_148' title='bbox 223 2119 331 2197; x_wconf 84' lang='lat' dir='ltr'><strong>potest,</strong></span> <span class='ocrx_word' id='word_1_149' title='bbox 356 2130 383 2178; x_wconf 86' lang='lat' dir='ltr'><strong>e.</strong></span> <span class='ocrx_word' id='word_1_150' title='bbox 412 2132 458 2197; x_wconf 59' lang='lat' dir='ltr'><strong>g„</strong></span> <span class='ocrx_word' id='word_1_151' title='bbox 483 2129 547 2178; x_wconf 89' lang='lat' dir='ltr'><strong>esse</strong></span> <span class='ocrx_word' id='word_1_152' title='bbox 569 2131 691 2196; x_wconf 90' lang='lat' dir='ltr'><strong>eorpus.</strong></span> 
     </span>
    </p>

    <p class='ocr_par' dir='ltr' id='par_1_3' title="bbox 123 2208 1242 3114">
     <span class='ocr_line' id='line_1_20' title="bbox 176 2208 1242 2297; baseline 0.003 -23"><span class='ocrx_word' id='word_1_153' title='bbox 176 2208 226 2275; x_wconf 89' lang='lat' dir='ltr'><strong>Xl.</strong></span> <span class='ocrx_word' id='word_1_154' title='bbox 253 2208 422 2281; x_wconf 80' lang='lat' dir='ltr'><strong>Pennrssro</strong></span> <span class='ocrx_word' id='word_1_155' title='bbox 448 2228 796 2281; x_wconf 72' lang='lat' dir='ltr'><strong>neumis-eaustus.</strong></span> <span class='ocrx_word' id='word_1_156' title='bbox 825 2209 991 2277; x_wconf 81' lang='lat' dir='ltr'><strong>Permissio</strong></span> <span class='ocrx_word' id='word_1_157' title='bbox 1015 2209 1133 2297; x_wconf 79' lang='lat' dir='ltr'><strong>tepolis</strong></span> <span class='ocrx_word' id='word_1_158' title='bbox 1156 2232 1188 2278; x_wconf 85' lang='lat' dir='ltr'><strong>ea</strong></span> <span class='ocrx_word' id='word_1_159' title='bbox 1204 2218 1242 2292; x_wconf 76' lang='lat' dir='ltr'><strong>et,</strong></span> 
     </span>
     <span class='ocr_line' id='line_1_21' title="bbox 131 2309 1241 2401; baseline 0.002 -25"><span class='ocrx_word' id='word_1_160' title='bbox 131 2331 190 2397; x_wconf 73' lang='lat' dir='ltr'><strong>iqua</strong></span> <span class='ocrx_word' id='word_1_161' title='bbox 215 2310 336 2401; x_wconf 78' lang='lat' dir='ltr'><strong>aliquid,</strong></span> <span class='ocrx_word' id='word_1_162' title='bbox 362 2321 516 2400; x_wconf 71' lang='lat' dir='ltr'><strong>tanlquam</strong></span> <span class='ocrx_word' id='word_1_163' title='bbox 541 2310 670 2394; x_wconf 67' lang='lat' dir='ltr'><strong>licitum,</strong></span> <span class='ocrx_word' id='word_1_164' title='bbox 696 2309 888 2378; x_wconf 89' lang='lat' dir='ltr'><strong>subditorum</strong></span> <span class='ocrx_word' id='word_1_165' title='bbox 918 2310 1011 2376; x_wconf 90' lang='lat' dir='ltr'><strong>nutui</strong></span> <span class='ocrx_word' id='word_1_166' title='bbox 1044 2333 1063 2378; x_wconf 88' lang='lat' dir='ltr'><strong>a</strong></span> <span class='ocrx_word' id='word_1_167' title='bbox 1096 2313 1241 2400; x_wconf 75' lang='lat' dir='ltr'><strong>legislatore</strong></span> 
     </span>
     <span class='ocr_line' id='line_1_22' title="bbox 130 2409 1241 2501; baseline 0.002 -22"><span class='ocrx_word' id='word_1_168' title='bbox 130 2411 338 2500; x_wconf 76' lang='lat' dir='ltr'><strong>relinquitur:</strong></span> <span class='ocrx_word' id='word_1_169' title='bbox 368 2414 533 2484; x_wconf 79' lang='lat' dir='ltr'><strong>Permissio</strong></span> <span class='ocrx_word' id='word_1_170' title='bbox 555 2413 695 2491; x_wconf 72' lang='lat' dir='ltr'><strong>manullo,</strong></span> <span class='ocrx_word' id='word_1_171' title='bbox 720 2434 778 2498; x_wconf 90' lang='lat' dir='ltr'><strong>qua</strong></span> <span class='ocrx_word' id='word_1_172' title='bbox 802 2409 914 2499; x_wconf 86' lang='lat' dir='ltr'><strong>aliquid</strong></span> <span class='ocrx_word' id='word_1_173' title='bbox 931 2431 946 2476; x_wconf 87' lang='lat' dir='ltr'><strong>a</strong></span> <span class='ocrx_word' id='word_1_174' title='bbox 962 2431 1076 2497; x_wconf 81' lang='lat' dir='ltr'><strong>causa,</strong></span> <span class='ocrx_word' id='word_1_175' title='bbox 1096 2435 1177 2501; x_wconf 69' lang='lat' dir='ltr'><strong>(puae</strong></span> <span class='ocrx_word' id='word_1_176' title='bbox 1196 2432 1241 2500; x_wconf 77' lang='lat' dir='ltr'><strong>pes·</strong></span> 
     </span>
     <span class='ocr_line' id='line_1_23' title="bbox 126 2511 1241 2605; baseline -0.007 -20"><span class='ocrx_word' id='word_1_177' title='bbox 126 2528 178 2585; x_wconf 76' lang='lat' dir='ltr'><strong>set</strong></span> <span class='ocrx_word' id='word_1_178' title='bbox 201 2515 357 2604; x_wconf 85' lang='lat' dir='ltr'><strong>impedire,</strong></span> <span class='ocrx_word' id='word_1_179' title='bbox 382 2535 446 2583; x_wconf 90' lang='lat' dir='ltr'><strong>non</strong></span> <span class='ocrx_word' id='word_1_180' title='bbox 470 2514 642 2605; x_wconf 84' lang='lat' dir='ltr'><strong>impeditur.</strong></span> <span class='ocrx_word' id='word_1_181' title='bbox 670 2514 747 2580; x_wconf 90' lang='lat' dir='ltr'><strong>lliue</strong></span> <span class='ocrx_word' id='word_1_182' title='bbox 779 2523 857 2602; x_wconf 79' lang='lat' dir='ltr'><strong>[utet</strong></span> <span class='ocrx_word' id='word_1_183' title='bbox 880 2511 974 2578; x_wconf 85' lang='lat' dir='ltr'><strong>Deum</strong></span> <span class='ocrx_word' id='word_1_184' title='bbox 1014 2516 1101 2581; x_wconf 88' lang='lat' dir='ltr'><strong>mula</strong></span> <span class='ocrx_word' id='word_1_185' title='bbox 1144 2511 1241 2582; x_wconf 82' lang='lat' dir='ltr'><strong>moralia</strong></span> 
     </span>
     <span class='ocr_line' id='line_1_24' title="bbox 133 2614 1242 2705; baseline -0.01 -18"><span class='ocrx_word' id='word_1_186' title='bbox 133 2619 305 2705; x_wconf 75' lang='lat' dir='ltr'><strong>lerrnittere</strong></span> <span class='ocrx_word' id='word_1_187' title='bbox 328 2638 390 2685; x_wconf 91' lang='lat' dir='ltr'><strong>uon</strong></span> <span class='ocrx_word' id='word_1_188' title='bbox 413 2615 534 2704; x_wconf 84' lang='lat' dir='ltr'><strong>primo,</strong></span> <span class='ocrx_word' id='word_1_189' title='bbox 571 2614 620 2682; x_wconf 88' lang='lat' dir='ltr'><strong>sed</strong></span> <span class='ocrx_word' id='word_1_190' title='bbox 645 2617 739 2683; x_wconf 88' lang='lat' dir='ltr'><strong>altero</strong></span> <span class='ocrx_word' id='word_1_191' title='bbox 764 2615 879 2694; x_wconf 78' lang='lat' dir='ltr'><strong>uiodo;</strong></span> <span class='ocrx_word' id='word_1_192' title='bbox 905 2633 965 2678; x_wconf 91' lang='lat' dir='ltr'><strong>non</strong></span> <span class='ocrx_word' id='word_1_193' title='bbox 990 2615 1081 2680; x_wconf 88' lang='lat' dir='ltr'><strong>euim</strong></span> <span class='ocrx_word' id='word_1_194' title='bbox 1112 2629 1242 2705; x_wconf 84' lang='lat' dir='ltr'><strong>tamquam</strong></span> 
     </span>
     <span class='ocr_line' id='line_1_25' title="bbox 133 2716 1241 2806; baseline -0.004 -20"><span class='ocrx_word' id='word_1_195' title='bbox 133 2721 284 2806; x_wconf 76' lang='lat' dir='ltr'><strong>legislator</strong></span> <span class='ocrx_word' id='word_1_196' title='bbox 306 2717 518 2786; x_wconf 90' lang='lat' dir='ltr'><strong>sanctissimus</strong></span> <span class='ocrx_word' id='word_1_197' title='bbox 532 2716 651 2804; x_wconf 83' lang='lat' dir='ltr'><strong>aliquod</strong></span> <span class='ocrx_word' id='word_1_198' title='bbox 670 2716 815 2805; x_wconf 90' lang='lat' dir='ltr'><strong>permittit</strong></span> <span class='ocrx_word' id='word_1_199' title='bbox 839 2717 964 2800; x_wconf 85' lang='lat' dir='ltr'><strong>mulum,</strong></span> <span class='ocrx_word' id='word_1_200' title='bbox 982 2717 1037 2782; x_wconf 89' lang='lat' dir='ltr'><strong>sed</strong></span> <span class='ocrx_word' id='word_1_201' title='bbox 1054 2719 1167 2787; x_wconf 90' lang='lat' dir='ltr'><strong>solum</strong></span> <span class='ocrx_word' id='word_1_202' title='bbox 1186 2736 1241 2803; x_wconf 82' lang='lat' dir='ltr'><strong>qur·</strong></span> 
     </span>
     <span class='ocr_line' id='line_1_26' title="bbox 128 2815 1241 2909; baseline -0.004 -21"><span class='ocrx_word' id='word_1_203' title='bbox 128 2832 222 2890; x_wconf 88' lang='lat' dir='ltr'><strong>leues</strong></span> <span class='ocrx_word' id='word_1_204' title='bbox 245 2843 316 2889; x_wconf 91' lang='lat' dir='ltr'><strong>eum</strong></span> <span class='ocrx_word' id='word_1_205' title='bbox 340 2820 433 2909; x_wconf 90' lang='lat' dir='ltr'><strong>possit</strong></span> <span class='ocrx_word' id='word_1_206' title='bbox 455 2820 533 2887; x_wconf 77' lang='lat' dir='ltr'><strong>niatu</strong></span> <span class='ocrx_word' id='word_1_207' title='bbox 559 2817 726 2908; x_wconf 74' lang='lat' dir='ltr'><strong>impedire,</strong></span> <span class='ocrx_word' id='word_1_208' title='bbox 751 2839 784 2885; x_wconf 89' lang='lat' dir='ltr'><strong>ea</strong></span> <span class='ocrx_word' id='word_1_209' title='bbox 809 2837 871 2885; x_wconf 91' lang='lat' dir='ltr'><strong>non</strong></span> <span class='ocrx_word' id='word_1_210' title='bbox 895 2815 1034 2903; x_wconf 86' lang='lat' dir='ltr'><strong>impedit.</strong></span> <span class='ocrx_word' id='word_1_211' title='bbox 1064 2817 1176 2907; x_wconf 82' lang='lat' dir='ltr'><strong>Neque</strong></span> <span class='ocrx_word' id='word_1_212' title='bbox 1201 2818 1241 2883; x_wconf 88' lang='lat' dir='ltr'><strong>bot</strong></span> 
     </span>
     <span class='ocr_line' id='line_1_27' title="bbox 131 2917 1241 3012; baseline -0.005 -21"><span class='ocrx_word' id='word_1_213' title='bbox 131 2924 223 2992; x_wconf 90' lang='lat' dir='ltr'><strong>modo</strong></span> <span class='ocrx_word' id='word_1_214' title='bbox 245 2925 421 3012; x_wconf 75' lang='lat' dir='ltr'><strong>perinittere</strong></span> <span class='ocrx_word' id='word_1_215' title='bbox 443 2923 524 2990; x_wconf 92' lang='lat' dir='ltr'><strong>idem</strong></span> <span class='ocrx_word' id='word_1_216' title='bbox 540 2930 594 3008; x_wconf 80' lang='lat' dir='ltr'><strong>est,</strong></span> <span class='ocrx_word' id='word_1_217' title='bbox 611 2943 646 2990; x_wconf 84' lang='lat' dir='ltr'><strong>ae</strong></span> <span class='ocrx_word' id='word_1_218' title='bbox 668 2917 938 3004; x_wconf 67' lang='lat' dir='ltr'><strong>ceitscrdirellam,</strong></span> <span class='ocrx_word' id='word_1_219' title='bbox 960 2939 974 2980; x_wconf 82' lang='lat' dir='ltr'><strong>e</strong></span> <span class='ocrx_word' id='word_1_220' title='bbox 994 2917 1179 3004; x_wconf 82' lang='lat' dir='ltr'><strong>permittere</strong></span> <span class='ocrx_word' id='word_1_221' title='bbox 1197 2935 1241 2985; x_wconf 78' lang='lat' dir='ltr'><strong>ue·</strong></span> 
     </span>
     <span class='ocr_line' id='line_1_28' title="bbox 123 3019 1240 3114; baseline -0.011 -19"><span class='ocrx_word' id='word_1_222' title='bbox 123 3027 194 3095; x_wconf 85' lang='lat' dir='ltr'><strong>lam</strong></span> <span class='ocrx_word' id='word_1_223' title='bbox 217 3038 263 3096; x_wconf 84' lang='lat' dir='ltr'><strong>est</strong></span> <span class='ocrx_word' id='word_1_224' title='bbox 286 3025 468 3114; x_wconf 81' lang='lat' dir='ltr'><strong>dupliciter3</strong></span> <span class='ocrx_word' id='word_1_225' title='bbox 503 3032 557 3090; x_wconf 89' lang='lat' dir='ltr'><strong>aut</strong></span> <span class='ocrx_word' id='word_1_226' title='bbox 591 3042 653 3090; x_wconf 90' lang='lat' dir='ltr'><strong>non</strong></span> <span class='ocrx_word' id='word_1_227' title='bbox 687 3020 857 3089; x_wconf 89' lang='lat' dir='ltr'><strong>cohibendo</strong></span> <span class='ocrx_word' id='word_1_228' title='bbox 880 3039 1007 3087; x_wconf 90' lang='lat' dir='ltr'><strong>manum</strong></span> <span class='ocrx_word' id='word_1_229' title='bbox 1046 3021 1100 3087; x_wconf 89' lang='lat' dir='ltr'><strong>vel</strong></span> <span class='ocrx_word' id='word_1_230' title='bbox 1124 3019 1240 3088; x_wconf 88' lang='lat' dir='ltr'><strong>animun</strong></span> 
     </span>
    </p>
   </div>
   <div class='ocr_carea' id='block_1_2' title="bbox 23 3121 1271 3212">
    <p class='ocr_par' dir='ltr' id='par_1_4' title="bbox 23 3121 1271 3212">
     <span class='ocr_line' id='line_1_29' title="bbox 23 3121 1271 3212; baseline -0.006 -17"><span class='ocrx_word' id='word_1_231' title='bbox 23 3142 26 3147; x_wconf 89' lang='grc'><strong>’</strong></span> <span class='ocrx_word' id='word_1_232' title='bbox 93 3136 101 3149; x_wconf 80' lang='grc'><em>”</em></span> <span class='ocrx_word' id='word_1_233' title='bbox 131 3149 188 3195; x_wconf 90' lang='lat' dir='ltr'><strong>nec</strong></span> <span class='ocrx_word' id='word_1_234' title='bbox 211 3129 243 3195; x_wconf 91' lang='lat' dir='ltr'><strong>in</strong></span> <span class='ocrx_word' id='word_1_235' title='bbox 267 3126 356 3212; x_wconf 80' lang='lat' dir='ltr'><strong>sacto,</strong></span> <span class='ocrx_word' id='word_1_236' title='bbox 381 3147 437 3193; x_wconf 92' lang='lat' dir='ltr'><strong>nec</strong></span> <span class='ocrx_word' id='word_1_237' title='bbox 460 3125 492 3193; x_wconf 92' lang='lat' dir='ltr'><strong>in</strong></span> <span class='ocrx_word' id='word_1_238' title='bbox 515 3124 726 3210; x_wconf 81' lang='lat' dir='ltr'><strong>retributione,</strong></span> <span class='ocrx_word' id='word_1_239' title='bbox 751 3134 781 3192; x_wconf 85' lang='lat' dir='ltr'><strong>et</strong></span> <span class='ocrx_word' id='word_1_240' title='bbox 804 3122 846 3192; x_wconf 86' lang='lat' dir='ltr'><strong>sie</strong></span> <span class='ocrx_word' id='word_1_241' title='bbox 860 3121 1034 3191; x_wconf 88' lang='lat' dir='ltr'><strong>consentire</strong></span> <span class='ocrx_word' id='word_1_242' title='bbox 1048 3133 1119 3206; x_wconf 82' lang='lat' dir='ltr'><strong>est3</strong></span> <span class='ocrx_word' id='word_1_243' title='bbox 1139 3124 1182 3192; x_wconf 89' lang='lat' dir='ltr'><strong>rel</strong></span> <span class='ocrx_word' id='word_1_244' title='bbox 1196 3140 1241 3190; x_wconf 88' lang='lat' dir='ltr'><strong>nur</strong></span> <span class='ocrx_word' id='word_1_245' title='bbox 1269 3188 1271 3209; x_wconf 42' lang='lat'><strong>¹</strong></span> 
     </span>
    </p>
   </div>
   <div class='ocr_carea' id='block_1_3' title="bbox 129 3222 1271 3926">
    <p class='ocr_par' dir='ltr' id='par_1_5' title="bbox 129 3222 1271 3926">
     <span class='ocr_line' id='line_1_30' title="bbox 129 3222 1271 3314; baseline -0.004 -18"><span class='ocrx_word' id='word_1_246' title='bbox 129 3226 297 3296; x_wconf 88' lang='lat' dir='ltr'><strong>cohibendo</strong></span> <span class='ocrx_word' id='word_1_247' title='bbox 321 3247 458 3312; x_wconf 83' lang='lat' dir='ltr'><strong>manum,</strong></span> <span class='ocrx_word' id='word_1_248' title='bbox 484 3226 535 3294; x_wconf 88' lang='lat' dir='ltr'><strong>sed</strong></span> <span class='ocrx_word' id='word_1_249' title='bbox 559 3235 660 3292; x_wconf 89' lang='lat' dir='ltr'><strong>tumen</strong></span> <span class='ocrx_word' id='word_1_250' title='bbox 686 3222 838 3314; x_wconf 91' lang='lat' dir='ltr'><strong>puniendo</strong></span> <span class='ocrx_word' id='word_1_251' title='bbox 861 3234 1142 3310; x_wconf 84' lang='lat' dir='ltr'><strong>transgressorem,</strong></span> <span class='ocrx_word' id='word_1_252' title='bbox 1158 3237 1188 3294; x_wconf 93' lang='lat' dir='ltr'><strong>et</strong></span> <span class='ocrx_word' id='word_1_253' title='bbox 1208 3242 1241 3292; x_wconf 88' lang='lat' dir='ltr'><strong>ar·</strong></span> <span class='ocrx_word' id='word_1_254' title='bbox 1268 3222 1271 3303; x_wconf 75' lang='lat' dir='ltr'><strong>l</strong></span> 
     </span>
     <span class='ocr_line' id='line_1_31' title="bbox 133 3314 1271 3414; baseline -0.001 -22"><span class='ocrx_word' id='word_1_255' title='bbox 133 3327 255 3414; x_wconf 72' lang='lat' dir='ltr'><strong>guenilo</strong></span> <span class='ocrx_word' id='word_1_256' title='bbox 279 3325 449 3406; x_wconf 87' lang='lat' dir='ltr'><strong>continue;</strong></span> <span class='ocrx_word' id='word_1_257' title='bbox 484 3338 514 3394; x_wconf 89' lang='lat' dir='ltr'><strong>et</strong></span> <span class='ocrx_word' id='word_1_258' title='bbox 536 3326 579 3394; x_wconf 89' lang='lat' dir='ltr'><strong>sic</strong></span> <span class='ocrx_word' id='word_1_259' title='bbox 601 3346 664 3394; x_wconf 90' lang='lat' dir='ltr'><strong>non</strong></span> <span class='ocrx_word' id='word_1_260' title='bbox 693 3325 869 3410; x_wconf 89' lang='lat' dir='ltr'><strong>consentit;</strong></span> <span class='ocrx_word' id='word_1_261' title='bbox 899 3333 930 3393; x_wconf 89' lang='lat' dir='ltr'><strong>et</strong></span> <span class='ocrx_word' id='word_1_262' title='bbox 960 3323 1020 3390; x_wconf 89' lang='lat' dir='ltr'><strong>boe</strong></span> <span class='ocrx_word' id='word_1_263' title='bbox 1052 3329 1154 3397; x_wconf 90' lang='lat' dir='ltr'><strong>medo</strong></span> <span class='ocrx_word' id='word_1_264' title='bbox 1180 3314 1271 3395; x_wconf 71' lang='lat' dir='ltr'><strong>licus*</strong></span> 
     </span>
     <span class='ocr_line' id='line_1_32' title="bbox 132 3427 1271 3523; baseline -0.004 -25"><span class='ocrx_word' id='word_1_265' title='bbox 132 3429 292 3517; x_wconf 82' lang='lat' dir='ltr'><strong>permittit,</strong></span> <span class='ocrx_word' id='word_1_266' title='bbox 316 3440 347 3509; x_wconf 86' lang='lat' dir='ltr'><strong>et</strong></span> <span class='ocrx_word' id='word_1_267' title='bbox 369 3450 432 3498; x_wconf 93' lang='lat' dir='ltr'><strong>non</strong></span> <span class='ocrx_word' id='word_1_268' title='bbox 448 3427 601 3501; x_wconf 89' lang='lat' dir='ltr'><strong>consentit</strong></span> <span class='ocrx_word' id='word_1_269' title='bbox 624 3428 637 3465; x_wconf 82' lang='lat'><strong>²</strong></span> <span class='ocrx_word' id='word_1_270' title='bbox 665 3453 694 3496; x_wconf 80' lang='lat' dir='ltr'><strong>i.</strong></span> <span class='ocrx_word' id='word_1_271' title='bbox 1269 3518 1271 3523; x_wconf 23' lang='grc' dir='ltr'>Ι</span> 
     </span>
     <span class='ocr_line' id='line_1_33' title="bbox 175 3525 1271 3615; baseline -0.002 -17"><span class='ocrx_word' id='word_1_272' title='bbox 175 3531 238 3599; x_wconf 86' lang='lat' dir='ltr'><strong>llll.</strong></span> <span class='ocrx_word' id='word_1_273' title='bbox 265 3533 331 3601; x_wconf 74' lang='lat' dir='ltr'><strong>l&#39;en</strong></span> <span class='ocrx_word' id='word_1_274' title='bbox 356 3530 464 3601; x_wconf 84' lang='lat' dir='ltr'><strong>sc-A</strong></span> <span class='ocrx_word' id='word_1_275' title='bbox 488 3551 538 3600; x_wconf 83' lang='lat' dir='ltr'><strong>sc.</strong></span> <span class='ocrx_word' id='word_1_276' title='bbox 565 3531 625 3598; x_wconf 87' lang='lat' dir='ltr'><strong>Per</strong></span> <span class='ocrx_word' id='word_1_277' title='bbox 647 3525 803 3597; x_wconf 71' lang='lat' dir='ltr'><strong>coexistit</strong></span> <span class='ocrx_word' id='word_1_278' title='bbox 832 3525 873 3613; x_wconf 87' lang='lat' dir='ltr'><strong>id,</strong></span> <span class='ocrx_word' id='word_1_279' title='bbox 898 3525 980 3615; x_wconf 89' lang='lat' dir='ltr'><strong>quod</strong></span> <span class='ocrx_word' id='word_1_280' title='bbox 996 3546 1062 3595; x_wconf 93' lang='lat' dir='ltr'><strong>non</strong></span> <span class='ocrx_word' id='word_1_281' title='bbox 1080 3527 1176 3600; x_wconf 86' lang='lat' dir='ltr'><strong>habet</strong></span> <span class='ocrx_word' id='word_1_282' title='bbox 1198 3547 1244 3596; x_wconf 81' lang='lat' dir='ltr'><strong>eet</strong></span> <span class='ocrx_word' id='word_1_283' title='bbox 1268 3534 1271 3579; x_wconf 66' lang='grc' dir='ltr'><strong><em>ἓ</em></strong></span> 
     </span>
     <span class='ocr_line' id='line_1_34' title="bbox 133 3630 1245 3721; baseline 0 -23"><span class='ocrx_word' id='word_1_284' title='bbox 133 3654 224 3699; x_wconf 79' lang='lat' dir='ltr'><strong>suum</strong></span> <span class='ocrx_word' id='word_1_285' title='bbox 248 3633 354 3700; x_wconf 88' lang='lat' dir='ltr'><strong>iu-alio</strong></span> <span class='ocrx_word' id='word_1_286' title='bbox 377 3642 521 3721; x_wconf 83' lang='lat' dir='ltr'><strong>tanquam</strong></span> <span class='ocrx_word' id='word_1_287' title='bbox 546 3631 576 3698; x_wconf 90' lang='lat' dir='ltr'><strong>in</strong></span> <span class='ocrx_word' id='word_1_288' title='bbox 600 3631 762 3710; x_wconf 77' lang='lat' dir='ltr'><strong>subiect03</strong></span> <span class='ocrx_word' id='word_1_289' title='bbox 788 3649 883 3717; x_wconf 88' lang='lat' dir='ltr'><strong>quare</strong></span> <span class='ocrx_word' id='word_1_290' title='bbox 902 3634 960 3718; x_wconf 78' lang='lat' dir='ltr'><strong>pei</strong></span> <span class='ocrx_word' id='word_1_291' title='bbox 981 3651 1014 3697; x_wconf 87' lang='lat' dir='ltr'><strong>se</strong></span> <span class='ocrx_word' id='word_1_292' title='bbox 1036 3630 1149 3700; x_wconf 82' lang='lat' dir='ltr'><strong>existit</strong></span> <span class='ocrx_word' id='word_1_293' title='bbox 1170 3652 1245 3721; x_wconf 89' lang='lat' dir='ltr'><strong>quae·</strong></span> 
     </span>
     <span class='ocr_line' id='line_1_35' title="bbox 131 3729 1245 3828; baseline 0.002 -32"><span class='ocrx_word' id='word_1_294' title='bbox 131 3732 202 3799; x_wconf 87' lang='lat' dir='ltr'><strong>libet</strong></span> <span class='ocrx_word' id='word_1_295' title='bbox 225 3732 400 3803; x_wconf 78' lang='lat' dir='ltr'><strong>subductio.</strong></span> <span class='ocrx_word' id='word_1_296' title='bbox 439 3733 517 3800; x_wconf 91' lang='lat' dir='ltr'><strong>lluic</strong></span> <span class='ocrx_word' id='word_1_297' title='bbox 539 3731 683 3799; x_wconf 82' lang='lat' dir='ltr'><strong>existendi</strong></span> <span class='ocrx_word' id='word_1_298' title='bbox 714 3732 808 3828; x_wconf 86' lang='lat' dir='ltr'><strong>modo</strong></span> <span class='ocrx_word' id='word_1_299' title='bbox 834 3729 998 3819; x_wconf 89' lang='lat' dir='ltr'><strong>opponitur</strong></span> <span class='ocrx_word' id='word_1_300' title='bbox 1023 3731 1099 3820; x_wconf 83' lang='lat' dir='ltr'><strong>ille,</strong></span> <span class='ocrx_word' id='word_1_301' title='bbox 1126 3753 1189 3823; x_wconf 89' lang='lat' dir='ltr'><strong>quo</strong></span> <span class='ocrx_word' id='word_1_302' title='bbox 1210 3752 1245 3800; x_wconf 78' lang='lat' dir='ltr'><strong>res</strong></span> 
     </span>
     <span class='ocr_line' id='line_1_36' title="bbox 131 3833 1246 3926; baseline 0.002 -27"><span class='ocrx_word' id='word_1_303' title='bbox 131 3834 285 3904; x_wconf 78' lang='lat' dir='ltr'><strong>inbaesiee</strong></span> <span class='ocrx_word' id='word_1_304' title='bbox 316 3835 403 3903; x_wconf 91' lang='lat' dir='ltr'><strong>alteri</strong></span> <span class='ocrx_word' id='word_1_305' title='bbox 435 3835 533 3904; x_wconf 85' lang='lat' dir='ltr'><strong>inesse</strong></span> <span class='ocrx_word' id='word_1_306' title='bbox 564 3833 702 3921; x_wconf 78' lang='lat' dir='ltr'><strong>dicitiu,</strong></span> <span class='ocrx_word' id='word_1_307' title='bbox 734 3843 761 3901; x_wconf 89' lang='lat' dir='ltr'><strong>et</strong></span> <span class='ocrx_word' id='word_1_308' title='bbox 795 3833 848 3922; x_wconf 89' lang='lat' dir='ltr'><strong>qui</strong></span> <span class='ocrx_word' id='word_1_309' title='bbox 880 3833 1085 3904; x_wconf 82' lang='lat' dir='ltr'><strong>occidentium</strong></span> <span class='ocrx_word' id='word_1_310' title='bbox 1118 3835 1246 3926; x_wconf 79' lang='lat' dir='ltr'><strong>propriu</strong></span> 
     </span>
    </p>
   </div>
   <div class='ocr_carea' id='block_1_4' title="bbox 171 4048 1160 4218">
    <p class='ocr_par' dir='ltr' id='par_1_6' title="bbox 171 4048 1160 4218">
     <span class='ocr_line' id='line_1_37' title="bbox 171 4048 628 4124; baseline 0.009 -20"><span class='ocrx_word' id='word_1_311' title='bbox 171 4050 193 4118; x_wconf 83' lang='lat'><strong>¹)</strong></span> <span class='ocrx_word' id='word_1_312' title='bbox 216 4048 241 4104; x_wconf 85' lang='lat' dir='ltr'><strong>r·</strong></span> <span class='ocrx_word' id='word_1_313' title='bbox 261 4051 318 4122; x_wconf 58' lang='lat' dir='ltr'><strong>uu,</strong></span> <span class='ocrx_word' id='word_1_314' title='bbox 337 4069 363 4124; x_wconf 80' lang='lat' dir='ltr'><strong>q.</strong></span> <span class='ocrx_word' id='word_1_315' title='bbox 385 4052 441 4122; x_wconf 82' lang='lat' dir='ltr'><strong>nv,</strong></span> <span class='ocrx_word' id='word_1_316' title='bbox 461 4068 487 4110; x_wconf 79' lang='lat' dir='ltr'><strong>a.</strong></span> <span class='ocrx_word' id='word_1_317' title='bbox 510 4050 526 4108; x_wconf 79' lang='lat' dir='ltr'><strong>e</strong></span> <span class='ocrx_word' id='word_1_318' title='bbox 546 4053 580 4108; x_wconf 77' lang='lat' dir='ltr'><strong>aa</strong></span> <span class='ocrx_word' id='word_1_319' title='bbox 603 4049 628 4108; x_wconf 87' lang='lat' dir='ltr'><strong>t.</strong></span> 
     </span>
     <span class='ocr_line' id='line_1_38' title="bbox 172 4133 1160 4218; baseline 0.011 -25"><span class='ocrx_word' id='word_1_320' title='bbox 172 4133 196 4204; x_wconf 73' lang='lat'><strong>⁹)</strong></span> <span class='ocrx_word' id='word_1_321' title='bbox 216 4137 243 4193; x_wconf 80' lang='lat' dir='ltr'><strong>S.</strong></span> <span class='ocrx_word' id='word_1_322' title='bbox 266 4135 349 4208; x_wconf 82' lang='lat' dir='ltr'><strong>tlon,</strong></span> <span class='ocrx_word' id='word_1_323' title='bbox 369 4139 396 4193; x_wconf 83' lang='lat' dir='ltr'><strong>iu</strong></span> <span class='ocrx_word' id='word_1_324' title='bbox 417 4139 465 4194; x_wconf 90' lang='lat' dir='ltr'><strong>bb.</strong></span> <span class='ocrx_word' id='word_1_325' title='bbox 489 4139 496 4192; x_wconf 98' lang='lat' dir='ltr'><strong>l</strong></span> <span class='ocrx_word' id='word_1_326' title='bbox 518 4142 609 4209; x_wconf 74' lang='lat' dir='ltr'><strong>Sene,</strong></span> <span class='ocrx_word' id='word_1_327' title='bbox 629 4138 697 4196; x_wconf 81' lang='lat' dir='ltr'><strong>bist.</strong></span> <span class='ocrx_word' id='word_1_328' title='bbox 722 4138 827 4212; x_wconf 79' lang='lat' dir='ltr'><strong>llbl&#39;ll,</strong></span> <span class='ocrx_word' id='word_1_329' title='bbox 846 4155 874 4195; x_wconf 88' lang='lat' dir='ltr'><strong>u.</strong></span> <span class='ocrx_word' id='word_1_330' title='bbox 895 4137 918 4212; x_wconf 85' lang='lat' dir='ltr'><strong>l,</strong></span> <span class='ocrx_word' id='word_1_331' title='bbox 938 4155 965 4211; x_wconf 89' lang='lat' dir='ltr'><strong>q.</strong></span> <span class='ocrx_word' id='word_1_332' title='bbox 988 4136 1004 4195; x_wconf 80' lang='grc'>3</span> <span class='ocrx_word' id='word_1_333' title='bbox 1024 4143 1065 4201; x_wconf 84' lang='lat' dir='ltr'><strong>ad</strong></span> <span class='ocrx_word' id='word_1_334' title='bbox 1085 4158 1160 4218; x_wconf 74' lang='lat' dir='ltr'><strong>erp.</strong></span> 
     </span>
    </p>
   </div>
   <div class='ocr_carea' id='block_1_5' title="bbox 0 0 1384 4770">
    <p class='ocr_par' dir='ltr' id='par_1_7' title="bbox 0 0 1384 4770">
     <span class='ocr_line' id='line_1_39' title="bbox 0 0 1384 4770; baseline 0 0"><span class='ocrx_word' id='word_1_335' title='bbox 0 0 1384 4770; x_wconf 95' lang='lat' dir='ltr'><strong> </strong></span> 
     </span>
    </p>
   </div>
  </div>
 </body>
</html>
