2760 4770
140 364 212 435 nim
237 368 433 441 vetustissimi
464 389 572 443 omnes
605 371 661 439 hac
683 371 720 439 de
742 390 775 438 re
797 369 853 439 sibi
877 380 989 441 mutuo
1024 372 1110 461 plane
1132 391 1261 442 consen-

139 466 234 556 tiant,
259 469 335 559 quin
358 491 428 542 vera
449 470 522 540 haec
546 493 594 542 res
616 472 667 557 sit,
692 469 830 540 dubitare
851 471 1025 563 nequimus.
1046 472 1096 540 Vel
1113 472 1203 541 otiam
1220 476 1261 543 la·

141 568 216 638 tiori
238 573 461 661 significatione
484 576 641 644 moraliter
662 583 779 643 certum
802 583 847 641 est
872 574 958 661 ittuu,
984 574 1064 663 quod
1084 573 1166 663 graui
1191 597 1263 666 pro·

139 669 299 743 habilitate
323 674 474 757 inuititur,
498 698 576 765 quae
600 677 637 744 ad
662 686 774 743 rectam
798 674 1039 764 prudentemque
1054 676 1261 764 operationem

135 772 211 841 loco
234 777 421 847 certitudinis
456 778 561 848 treberi
586 787 695 869 potest.
722 778 754 849 Υ
780 777 982 866 Metcpttpsice
1012 776 1071 846 dici
1107 780 1182 847 solet
1204 779 1262 846 im-

136 875 282 961 possihile
305 881 392 967 illud,
417 882 499 969 quod
523 880 555 949 iu
578 880 678 972 scipso
700 880 971 950 contradictionem
997 879 1133 967 invoivit,
1158 880 1260 949 cuius-

133 975 221 1043 modi
242 989 288 1046 est
312 981 405 1049 homo
429 979 545 1051 ratione
576 1003 682 1050 carons
708 982 731 1062 ¹;
759 981 887 1068 Pitye-icc
919 981 1006 1069 illud,
1032 981 1116 1070 quod
1139 981 1208 1051 licet
1230 983 1263 1051 ia

125 1076 236 1165 'seipso
258 1083 373 1150 nuttam
396 1084 667 1152 contradictionem
697 1083 840 1170 involvat,
865 1091 955 1173 atque
976 1085 1051 1154 adeo
1074 1082 1170 1172 reipsa
1194 1104 1260 1153 esse

135 1181 247 1269 possit,
270 1184 349 1257 vires
377 1196 480 1255 tamen
502 1195 627 1255 naturae
650 1185 777 1255 omniuo
800 1196 933 1275 superat,
958 1195 1030 1276 puta
1046 1196 1207 1254 mortuum
1222 1187 1259 1255 ad

135 1280 232 1349 vitam
257 1287 387 1355 revocari
413 1287 438 1369 ²3
465 1290 622 1359 Moralitcr
645 1288 741 1377 iilud,
765 1289 847 1378 quod
871 1287 997 1378 regulis,
1022 1287 1134 1378 quibus
1157 1286 1257 1357 homi·

133 1402 214 1451 num
239 1409 340 1457 mores
375 1390 578 1480 diriguntur,
614 1399 775 1480 repugnat.
800 1390 844 1456 tta
867 1387 1051 1477 impossibiie
1085 1397 1130 1456 est
1152 1397 1259 1458 testem

131 1485 269 1575 mcutiri,
295 1511 365 1557 cum
389 1493 539 1581 praevidet
562 1493 757 1562 mendacium
789 1493 941 1560 detectum
957 1489 1007 1574 iri;
1025 1500 1079 1558 aut
1102 1490 1190 1559 illum
1205 1491 1258 1561 de-

130 1596 255 1674 ceptum
277 1611 342 1660 esse
365 1593 395 1661 in
421 1595 487 1663 iacti
511 1595 732 1682 observatione,
764 1594 847 1684 quod
872 1594 905 1662 in
928 1614 1034 1663 sensus
1049 1591 1133 1660 tacite
1156 1591 1258 1660 incur-

126 1680 186 1775 rit,
210 1690 356 1781 cuiusque
380 1700 424 1764 ret
447 1720 528 1780 sua,
555 1700 598 1767 vel
631 1718 757 1766 suorum
783 1697 868 1765 valde
891 1698 1015 1765 interest
1039 1695 1063 1762 ³.
1090 1693 1141 1762 Vol
1165 1692 1257 1761 etiam

129 1790 290 1861 moraliter
313 1795 498 1884 impossibiie
520 1799 631 1869 dicitur
654 1798 739 1885 iilud,
763 1796 846 1885 quod
870 1802 933 1864 uon
955 1795 1016 1865 nisi
1036 1795 1170 1866 maxima
1185 1815 1256 1862 cum

127 1888 306 1964 difficultate
340 1898 406 1967 fieri
431 1920 448 1966 a
471 1901 565 1987 uobis,
590 1909 700 1990 potest,
725 1898 854 1987 ideoque
889 1918 1087 1986 numquam,
1120 1906 1173 1965 aut
1195 1894 1258 1965 sere

130 2013 305 2084 numquam
328 1999 458 2068 efficitur
480 2003 505 2073 ⁴.
533 2001 575 2069 Ita
604 2011 650 2070 cst
673 1999 888 2090 impossibile,
922 2008 958 2064 ut
979 1997 1033 2086 qui
1061 1996 1190 2066 tostinus
1212 2007 1259 2073 cst

130 2096 286 2185 pedibus,
311 2121 481 2192 numquam
512 2102 655 2173 offendat.
686 2103 751 2171 Hoc
779 2101 870 2170 modo
894 2099 1005 2169 dicitur
1027 2100 1118 2168 etiam
1147 2097 1258 2188 aliquis

128 2216 194 2266 ttott
214 2221 299 2288 posse
321 2206 438 2293 suncti,
462 2207 542 2295 qaia¹
563 2225 626 2275 nott
647 2212 741 2295 potest
765 2205 802 2272 de
823 2204 908 2292 faciti
928 2203 1036 2271 sartori
1058 2202 1084 2270 ⁵.

98 2328 102 2335 ·
179 2298 244 2371 XV.
269 2303 380 2377 Morus
405 2327 546 2378 rnormu
569 2326 958 2379 cursurus-turnormu
987 2323 1165 2375 accurras.
1193 2303 1256 2372 Mo·

130 2408 181 2470 tus
206 2404 238 2471 1⁰
261 2407 441 2496 improprie,
467 2408 643 2496 etquidem
668 2406 812 2476 tutissimo
836 2406 969 2475 sumitur
985 2425 1040 2493 pro
1063 2423 1257 2493 quacumque

130 2508 308 2593 operatione
330 2509 423 2579 etiam
449 2508 644 2578 immanente.
680 2509 747 2578 Hoc
777 2529 867 2576 seusu
904 2517 1007 2577 motus
1031 2504 1175 2574 tribuitur
1190 2503 1255 2593 ipsi

128 2607 218 2692 Deo,
243 2611 325 2680 unde
348 2611 422 2681 iliud
447 2611 604 2695 Platonis,
631 2613 776 2682 Primum
810 2630 934 2678 morena
957 2614 1056 2688 movet
1079 2608 1212 2697 seipsum
1228 2607 1254 2672 ⁶.

130 2711 166 2783 2⁰
191 2711 376 2804 improprie,
401 2715 452 2784 sed
478 2714 579 2805 paullo
608 2711 742 2784 strictius
764 2732 820 2801 pro
844 2716 1037 2800 quacumque
1060 2706 1251 2796 mutatione,

166 2964 192 3033 ¹)
212 2965 275 3023 vm.
295 2969 437 3026 Poastdtlc
457 2967 832 3035 intrinsece-eatrtncece‚
857 2964 909 3022 tiu.
934 2966 967 3022 P.
989 2980 1002 3019 ι
1024 2963 1199 3034 Impossibile
1211 2964 1253 3019 dt·

129 3048 220 3118 titur,
240 3053 315 3122 quod
335 3054 413 3109 uuita
432 3057 550 3110 omuino
574 3056 686 3111 ratione
705 3054 767 3109 treri
788 3060 905 3122 potest»
922 3068 931 3125 ;
946 3066 972 3107 c.
987 3066 1017 3122 g.
1043 3061 1101 3108 tut
1114 3053 1149 3110 sit
1170 3060 1248 3125 quod

127 3149 189 3193 non
209 3147 262 3208 est,
281 3149 332 3196 ant
351 3149 381 3194 ut
400 3141 443 3195 bis
461 3142 519 3196 duo
537 3141 623 3198 simul
651 3148 680 3198 et
698 3150 823 3212 quatuor
841 3138 907 3212 siut,
927 3146 956 3195 et
966 3138 1066 3195 decem
1081 3154 1107 3209 ις
1122 3155 1145 3199 s.
1161 3141 1251 3218 Greg.

127 3221 275 3291 Neriene,
296 3224 377 3281 Orat.
399 3225 521 3280 xxxvl.

165 3310 189 3371 ιι
210 3324 223 3363 r
244 3309 314 3364 titud
334 3327 447 3381 quoque
467 3312 639 3380 impossibile
659 3311 783 3381 dicitur,
802 3309 878 3379 quod
898 3315 1000 3364 natura
1018 3309 1133 3379 quidem
1147 3312 1249 3383 impos-

124 3389 212 3450 sibiie.
230 3395 354 3463 est,Deo
374 3406 468 3450 nutem
490 3396 598 3451 volenti
618 3396 750 3466 possibile
773 3404 826 3450 est.
847 3393 910 3461 Quo
930 3395 956 3448 in
977 3409 1087 3464 genere
1105 3405 1148 3453 est
1166 3399 1250 3471 iliud,

124 3477 273 3533 hominem
293 3479 336 3534 his
355 3479 432 3535 nasci
452 3496 508 3535 uon
528 3495 622 3551 posse,
637 3495 691 3535 nec
709 3493 764 3534 eeu
777 3478 921 3532 centetum
940 3478 1060 3535 admitti.
1081 3479 1154 3547 Quid
1172 3486 1249 3542 enim

123 3565 288 3634 prohibeat,
302 3567 454 3633 quoruiuus
472 3568 543 3622 haec
560 3567 640 3636 daut,
658 3567 681 3624 si
702 3565 751 3623 Dei
771 3563 950 3623 autumasita
964 3562 1087 3622 tulerit?
1107 3568 1247 3645 asmreg.

121 3648 270 3720 nazianz,
288 3650 359 3707 idid.

162 3732 186 3800 ³)
209 3750 222 3788 r
242 3736 320 3791 Fieri
340 3751 397 3792 non
416 3750 499 3805 posse
515 3736 644 3804 dicitur,
669 3750 761 3808 aquo
785 3744 884 3793 nostra
905 3733 1037 3792 noluntas
1064 3735 1200 3800 abhorret
1220 3758 1248 3817 ³3

121 3816 215 3892 (ἶπες.
235 3820 377 3891 mactans,
397 3820 469 3878 idid.

159 3905 185 3970 ⁴)
208 3919 221 3958 r
242 3904 411 3975 Saepissime
429 3920 561 3963 asserere
580 3905 900 3977 solemusjmpossibite
913 3907 995 3967 uobis
1008 3924 1082 3982 esse,
1095 3913 1171 3984 quod
1185 3914 1248 3973 siue

120 3988 293 4045 difficultate
312 3991 451 4060 perticere
471 4007 529 4048 non
550 3995 679 4051 vatemus
702 4011 727 4065 η
746 4011 769 4052 s.
790 3995 936 4070 ensem,
961 3997 1004 4057 Do
1018 3999 1103 4058 Cone.
1118 4002 1247 4076 cratiae,

118 4088 152 4133 et
170 4075 262 4132 tiberi
278 4076 410 4149 arbitrii,
430 4095 458 4136 o.
478 4081 513 4134 Χ.
1247 4126 1258 4159 ,

160 4160 185 4231 ⁵)
204 4161 232 4215 S.
252 4161 368 4233 Thom,
390 4162 418 4234 3,
438 4182 465 4236 q.
487 4165 634 4238 uxxxvt,
654 4182 682 4223 a.
705 4165 717 4220 Ι
739 4166 776 4223 ad
794 4164 823 4226 2.

159 4245 185 4316 θ)
206 4244 268 4302 vit.
288 4263 313 4307 s.
333 4247 448 4324 Thoan,
468 4250 491 4325 t,
510 4268 537 4323 q.
559 4251 609 4326 ut,
629 4266 656 4310 a.
681 4247 693 4306 l
714 4249 750 4308 ad
773 4248 796 4307 1.
