2760 4770
125 351 206 420 alius
227 351 336 441 honno,
359 372 395 423 ac
418 352 545 445 proinde
566 365 613 426 est
635 356 667 424 in
690 376 723 426 sc
745 338 907 446 indivisuS,
920 379 973 428 scu
995 358 1201 448 indistinctus,
1224 374 1256 434 ot

127 455 168 522 ab
191 453 256 524 aliis
277 456 406 547 divisus,
431 479 486 527 sou
509 457 541 526 in
571 462 673 550 plures
696 452 831 530 uocaus
853 461 944 530 diuidi
968 483 1031 532 non
1046 474 1157 553 potest.
1176 465 1256 534 Hinc

126 554 338 647 individuum,
363 561 425 630 sivo
446 563 600 652 sinocdurc
627 563 784 634 delinitur:
810 565 850 635 ld
867 566 952 655 ,quod
973 573 1016 635 est
1038 568 1074 635 in
1094 588 1126 635 se
1140 567 1254 637 indivi-

125 678 211 746 sron,
233 665 261 728 ct
283 662 320 729 od
342 661 413 732 aliis
434 663 567 732 diuisum
590 664 700 734 ullium
721 666 880 736 diuisione.
906 667 1023 738 Exinde
1046 679 1150 757 putot,
1174 669 1251 736 indi-

126 759 268 849 viduum,
292 765 419 833 cumin
442 767 541 855 pluro,
566 769 655 856 quale
677 766 777 855 ipsum
806 777 863 856 cst,
887 766 981 838 dividi
1003 782 1153 865 nequeat,
1177 780 1255 839 torn·

126 884 222 953 quarn
245 867 357 959 aliquid
380 867 520 959 pluribus
539 889 705 940 connmunc
720 868 848 960 intelligi
864 893 928 942 non
943 895 1053 960 posso;
1070 884 1255 965 quapropter

126 966 167 1035 ab
189 967 349 1041 Aristotele
372 971 525 1040 delinitur:
552 971 591 1041 Iol
610 972 691 1060 quod
705 991 766 1040 lton
780 978 821 1039 est
834 974 1037 1062 praedicabile
1052 976 1090 1045 dc
1104 977 1211 1046 mullis
1227 976 1251 1045 ¹.

125 1067 167 1137 Et
189 1091 262 1141 sanc
283 1071 316 1141 in
339 1072 492 1142 indiuiduo
516 1072 581 1142 tulis
596 1073 812 1162 proprietatum
826 1075 985 1164 congeries
999 1076 1114 1165 existit,
1131 1088 1167 1148 ut
1181 1080 1255 1151 hoec

124 1174 258 1243 omniuo
279 1177 385 1245 cadom
414 1176 446 1245 in
468 1176 590 1247 duobus
613 1175 738 1266 reperiri
760 1176 888 1246 minima
910 1179 1016 1266 possit.
1042 1177 1087 1267 ld,
1104 1201 1157 1275 per
1170 1181 1254 1268 quod

122 1295 180 1343 cns
202 1277 411 1366 indiuiduam,
436 1301 490 1348 scu
512 1280 667 1368 circundare
693 1278 902 1369 constituitur,
924 1281 1115 1371 principium
1137 1281 1252 1353 iudioi-

122 1378 282 1448 ductionis
304 1382 445 1470 appellari
468 1383 543 1451 solct
559 1383 585 1452 ².

154 1481 265 1550 -lldost
281 1493 383 1552 turncn
399 1484 562 1553 discrimen
576 1484 698 1572 aliquod
714 1485 794 1555 intcr
808 1485 975 1575 sinordurc,
992 1495 1023 1556 ct
1043 1485 1249 1556 indiuiduam.

124 1581 249 1651 Dicitur
269 1583 352 1660 cnjnr
375 1585 490 1673 aliquid
512 1586 679 1676 cinqulurc,
702 1598 854 1676 quotenus
877 1587 1038 1655 subiicitur
1061 1587 1250 1674 universali,

91 1747 97 1753 .
119 1697 156 1754 et
167 1698 319 1775 quatenus
335 1698 381 1756 cst
396 1689 435 1755 ult
449 1687 516 1756 aliis
531 1688 819 1759 divorsum.llicitur
833 1700 935 1759 autern
950 1690 1160 1777 individuum,
1176 1711 1251 1777 quru-

122 1798 217 1856 tonus
240 1786 271 1856 in
294 1809 326 1857 sc
348 1800 395 1858 cst
417 1790 599 1879 indivisum,
623 1813 679 1860 nec
702 1812 794 1880 porro
816 1791 849 1859 in
872 1791 929 1860 alia
953 1791 1182 1867 iudiriduaest
1204 1789 1253 1857 di·

120 1892 253 1960 visibile.
278 1892 315 1964 ll.
342 1915 389 1981 g,
415 1892 532 1980 Petrus,
563 1905 714 1982 rruutcnus
736 1893 855 1963 lumini
877 1893 1052 1980 subiicitur,
1076 1894 1246 1982 sinoulara

121 2004 281 2082 quatenus
304 1995 368 2084 ipsc
392 1993 582 2064 indivisibilis
604 2006 661 2082 cst,
687 1995 884 2064 individuum
907 1996 1084 2083 appellatur.

172 2093 226 2161 Xl.
251 2093 448 2166 lnotvrnuun
473 2117 635 2167 srcnnruu
650 2135 693 2148 -
710 2119 831 2169 vuuuu.
865 2096 1067 2167 lndioidoum
1096 2099 1252 2188 ciuitatum

121 2196 248 2286 aliquod
271 2199 507 2267 determinatum
532 2197 723 2268 individuum
747 2199 913 2289 significat,
929 2200 976 2267 rel
999 2223 1036 2269 ex
1062 2201 1181 2292 proruiu
1197 2223 1251 2290 up·

123 2298 300 2389 pollutione,
326 2310 360 2367 ut
382 2301 468 2387 Cato,
494 2298 610 2386 Ciccro,
637 2303 683 2370 rcl
706 2321 744 2369 cx
768 2301 1037 2391 demonstratione,
1063 2313 1098 2372 ut
1119 2303 1170 2377 hic
1191 2306 1250 2371 no-

121 2422 193 2469 nno.
220 2401 419 2470 individuum
444 2422 582 2490 ouortm,
608 2411 679 2489 putu
702 2400 814 2490 aliquis
836 2404 956 2487 horno,
981 2404 1105 2471 nullum
1128 2415 1248 2472 centurn

93 2570 100 2577 .
122 2503 319 2573 individuum
342 2503 474 2589 cxhibct,
500 2503 552 2570 sed
574 2504 733 2571 dundaxat
754 2503 993 2572 dctorrninatunn
1018 2506 1158 2592 modum,
1186 2528 1250 2595 quo

119 2607 280 2676 indiuidua
303 2608 450 2692 existunt,
474 2606 514 2674 ita
538 2627 658 2693 ncnrpc,
684 2615 719 2674 ut
735 2606 865 2675 existunt
889 2629 942 2698 por
963 2630 997 2678 sc
1011 2618 1042 2675 et
1058 2609 1096 2676 ab
1124 2609 1190 2677 aliis
1204 2610 1250 2676 di-

122 2710 325 2800 stinguantur
341 2712 364 2777 ³:
394 2733 408 2774 r
437 2710 556 2798 Vagum
584 2707 776 2783 individuum
806 2732 870 2779 non
893 2710 1006 2781 dicitur
1029 2733 1154 2802 vagum,
1178 2712 1249 2803 quia
1314 2774 1318 2784 .

122 2817 159 2882 in
183 2824 290 2882 natura
307 2834 370 2882 non
387 2813 427 2883 sit
442 2813 688 2899 determinatum,
701 2813 771 2902 quia
789 2823 898 2881 natura
913 2813 1247 2903 determinamuquan·

120 2917 166 2984 do
188 2916 300 2985 dicitur
321 2913 430 3004 aliquis
454 2915 560 3000 homo,
583 2924 613 2982 et
634 2912 744 3001 aliquis
766 2914 833 2997 ton
859 2915 911 2983 scd
933 2913 1046 2983 dicitur
1069 2936 1195 3004 vnum,
1211 2938 1249 2985 co

120 3018 209 3107 quod
232 3017 333 3106 ipsum
357 3037 410 3104 per
431 3014 596 3084 accidentia
626 3015 778 3086 sensibilia
814 3037 876 3085 non
900 3029 944 3084 est
971 3016 1246 3103 demonstratum,

121 3120 207 3189 sicut
230 3120 280 3189 hic
294 3121 400 3206 horno,
416 3128 447 3188 ct
469 3117 517 3186 hic
540 3118 609 3187 hos.
636 3118 777 3189 Dicamus
798 3141 872 3207 crgo
887 3121 970 3207 quod
988 3117 1180 3190 individuum
1197 3144 1247 3190 ra·

122 3242 203 3312 gum
225 3231 270 3290 ost
292 3221 380 3291 cuius
404 3230 510 3287 nutura
538 3230 692 3287 contracta
715 3231 746 3288 ct
774 3221 951 3308 particulata
985 3220 1172 3292 certificatur
1196 3246 1250 3313 per

122 3325 319 3412 suppositum
350 3321 628 3390 indctcrnninutum.
659 3321 822 3411 Signatum
845 3334 949 3391 autom
972 3333 1041 3411 ost,
1065 3324 1155 3394 cuius
1177 3347 1251 3396 con·

123 3427 261 3493 trahitur
285 3435 390 3492 natura
413 3433 444 3490 ct
468 3421 690 3510 particularitcr
712 3423 896 3491 certificatur
918 3423 950 3491 in
974 3426 1129 3516 supposito
1153 3429 1252 3497 dotcr-

121 3525 246 3599 minato
268 3524 507 3611 dennonstrabili,
532 3534 568 3592 ut
590 3524 640 3594 hic
661 3527 772 3611 horno,
797 3527 1005 3595 demonstrato
1028 3528 1146 3598 Sorte⁴
1167 3555 1195 3602 n.

170 3628 237 3695 xu.
263 3629 471 3698 lnnrvrsrnrnc
495 3646 898 3698 nuonrrva-rarvnrrvu.
925 3627 1112 3700 indivisibile
1134 3639 1252 3723 necuti-

116 3753 159 3803 vc
180 3729 303 3819 dicitur,
328 3733 410 3821 quod
433 3731 602 3800 nechabet
624 3741 745 3820 motas,
769 3752 826 3800 nco
849 3730 960 3802 hubenc
984 3741 1093 3822 potest.
1120 3734 1158 3806 E.
1183 3759 1246 3826 g.,

165 3978 189 4045 ί)
208 3972 252 4033 De
269 3976 396 4045 Incero,
414 3989 442 4030 c.
464 3973 497 4031 V.

162 4065 188 4129 ²)
206 4059 270 4117 vin.
292 4061 393 4118 Unicus
411 4059 576 4132 rrumerica,
596 4059 649 4118 litt.
672 4061 707 4119 ll.

163 4146 189 4217 ³)
207 4146 229 4214 l,
248 4164 277 4219 q.
296 4143 389 4216 XXX,
408 4160 438 4201 a.
456 4141 475 4198 d
493 4160 521 4201 c.

162 4232 190 4305 ⁴)
207 4231 239 4289 u.
259 4230 325 4290 Alb.
343 4229 394 4305 M,
414 4227 513 4308 Pion,
537 4229 586 4291 un.
606 4229 630 4306 l,
650 4237 736 4290 tract.
755 4225 779 4305 l,
798 4243 824 4289 c.
844 4227 874 4289 ti.
