2760 4770
606 272 769 342 -R-
1134 273 1195 343 lm

117 404 215 484 ponat
237 393 352 485 aliquid
376 394 408 464 in
434 414 471 465 eo
493 393 531 464 de
552 410 617 495 quo
639 388 768 474 dicitur,
792 387 843 460 seul
868 386 955 478 ponit
978 397 1098 456 tantum
1123 388 1245 456 nabitu-

119 496 224 567 dinem
247 498 295 566 ad
307 497 400 583 aliua,
426 497 509 567 unde
532 488 686 563 invenitur
706 492 805 582 aliqua
828 492 934 562 relatio
956 512 1019 562 non
1042 490 1173 561 realiter.
1183 490 1246 558 oxi-

121 608 209 669 stens
232 600 264 669 in
286 621 324 670 eo
346 603 467 690 dequo
488 597 611 681 diuitum
640 607 670 666 et
695 594 792 666 ideo
784 616 816 664 m
832 594 944 666 talibus
966 592 1158 663 habitudines
1181 591 1265 675 illuc,

120 699 162 770 de
185 722 266 772 novo
287 703 433 775 dicuntur
459 705 499 773 de
520 702 624 791 aliquo
647 721 710 770 uon
737 719 789 790 per
812 699 1013 768 mutationem
1035 696 1113 785 eius,
1138 693 1189 764 sed
1213 693 1249 763 il·

121 799 185 875 lius
208 806 245 875 ad
270 798 1348 896 quodutettur1».'

171 905 288 976 Exinde
302 908 421 998 colligit
435 917 557 977 sanctus
569 907 706 976 Doctort
717 904 841 976 nomina
858 902 1052 995 importantia
1070 901 1250 974 relationem

125 1008 166 1077 ad
190 1021 362 1079 creaturam
390 1008 553 1099 praedicari
591 1008 628 1078 de
651 1008 712 1077 ileo
733 1029 769 1077 ex
793 1018 941 1095 tempore,
966 1015 1177 1096 non,pt·opter
1199 1003 1252 1072 ali-

124 1131 222 1203 quam
245 1111 447 1183 mutationem
470 1113 590 1203 Ipsius,
622 1112 674 1182 sed
698 1119 820 1199 propter
846 1119 1003 1178 creaturae
1026 1107 1251 1193 mutationem,

125 1211 209 1282 sicut
230 1213 374 1292 columna
397 1215 434 1284 tit
455 1215 577 1284 dextera
601 1211 736 1300 animali,
756 1212 840 1280 nulla
863 1210 1030 1279 mutatione
1051 1210 1131 1279 circa
1155 1209 1252 1298 ipsam

126 1315 290 1402 existente,
314 1315 366 1386 sed
387 1314 509 1384 animali
532 1317 680 1384 translato
702 1311 751 1381 ἀ.
777 1311 899 1402 Colligit
927 1312 1017 1380 etiam
1042 1312 1158 1379 nullam
1182 1331 1252 1378 mu-

126 1415 277 1486 tationem
302 1415 335 1485 in
358 1416 421 1486 Deo
444 1414 582 1503 indicari,
607 1437 679 1483 cunr
704 1412 770 1506 lpse
792 1412 903 1482 dicitur
924 1414 1023 1501 sactus
1045 1411 1146 1484 humo.
1173 1411 1251 1480 Nam

129 1541 147 1583 ι
174 1538 241 1589 esse
263 1518 421 1589 hominem
443 1516 585 1590 convenit
607 1518 670 1589 ilco
691 1516 810 1586 ratione
825 1514 961 1604 unionis,
978 1535 1055 1606 quac
1078 1524 1125 1585 est
1146 1514 1255 1584 relatio

127 1619 302 1709 quaedam:
328 1633 360 1691 et
383 1620 449 1692 ideo
470 1642 545 1712 esse
563 1619 722 1691 hominem
753 1620 939 1708 praedicatur
972 1618 1010 1687 de
1032 1638 1112 1687 noro
1134 1618 1172 1686 de
1194 1616 1258 1686 Deo

127 1722 248 1811 alasque
271 1723 345 1793 llius
366 1725 546 1807 mutatione,
567 1725 620 1792 sed
645 1743 697 1813 per
720 1723 920 1792 mutationem
945 1723 1097 1790 humanae
1119 1730 1256 1805 naturae,

127 1845 212 1915 quae
233 1825 401 1895 assumitur
424 1826 454 1895 in
479 1827 616 1895 Divinam
642 1827 804 1896 Personam
822 1827 867 1897 ἀ.

178 1925 259 2019 Xlll.
285 1927 441 1999 Reunauu
463 1950 527 1999 nou
552 1942 682 1998 ammon
707 1948 767 1998 ms.
793 1924 887 1996 Cuius
905 1924 988 1996 otiati
1010 1945 1119 1995 sensus
1142 1924 1194 1993 hic
1209 1923 1254 1991 ri-

131 2027 228 2098 detur
248 2051 314 2100 esse
332 2052 340 2098 :
366 2031 470 2099 Unum
495 2032 624 2100 relatum
651 2031 741 2101 unica
757 2028 904 2099 relatione
920 2049 983 2098 non
1000 2027 1131 2098 retertur
1146 2027 1182 2096 ad
1198 2028 1261 2097 duo

130 2131 293 2219 correlata,
317 2132 423 2200 tutatio
446 2143 477 2200 et
510 2133 685 2221 formaliter
707 2141 841 2222 accepta,
865 2131 916 2201 scd
941 2133 978 2200 ad
1002 2152 1100 2200 unum
1124 2139 1260 2214 tautum

132 2229 286 2303 nimirum
309 2235 479 2323 somaoliter
507 2241 678 2324 sumptum.
704 2235 839 2323 Etenim,
864 2233 962 2304 aiente
985 2253 1012 2305 s.
1039 2232 1262 2316 Beneuentum,

134 2353 162 2399 a
185 2354 333 2404 numems
355 2336 537 2406 relationum
567 2339 736 2407 secundum
764 2336 967 2407 differentiam
990 2335 1174 2420 formalem,
1199 2333 1263 2404 siue

135 2435 323 2525 specificam,
347 2449 492 2511 causatur
513 2461 530 2507 a
554 2439 762 2529 principiae
789 2459 853 2528 quo
876 2438 951 2508 est⁴
971 2459 1015 2504 α·
1008 2435 1191 2525 ,siquidem
1208 2453 1262 2501 na-

135 2546 210 2605 tura
233 2539 371 2626 specifica
394 2540 584 2612 relationis
576 2562 606 2609 m
629 2541 737 2611 ordine
752 2542 789 2611 au
805 2541 887 2610 aliud
905 2539 1061 2621 consistit;
1078 2545 1264 2628 quapropter

140 2637 170 2710 si
193 2641 434 2732 multiplicentur
462 2645 669 2733 fundamenta,
686 2665 830 2733 quotum
851 2644 949 2734 'gratia
966 2663 1064 2710 unum
1080 2640 1118 2717 ad
1133 2642 1266 2709 αΙιθιαια

142 2740 290 2830 aetertur,
316 2744 401 2814 idern
420 2747 593 2816 subiectum
616 2768 681 2817 non
707 2757 805 2838 potest
829 2747 918 2815 unica
940 2745 1086 2816 relatione
1108 2742 1145 2835 ml
1167 2761 1269 2811 eono-

141 2842 243 2912 latum
265 2866 358 2914 suum
382 2847 515 2916 reterri:
545 2849 583 2917 Ε
610 2869 656 2937 g,
682 2848 762 2916 idem
785 2846 879 2915 homo
903 2839 964 2915 non
987 2850 1085 2934 potest
1107 2842 1195 2913 unica
1219 2862 1267 2911 re·
1321 2874 1324 2881 ·

118 2944 260 3046 'latione
283 2947 319 3017 ad
342 2949 475 3038 aliquem
504 2951 609 3022 reterri
632 2962 797 3040 tamquam
815 2959 910 3043 pater,
934 2959 966 3017 ut
987 2936 1144 3037 tamquam
1167 2945 1267 3013 domi

144 3067 221 3135 naas,
243 3049 316 3138 quia
339 3054 515 3142 paternitas,
539 3065 571 3124 et
594 3055 768 3129 dominium
790 3063 864 3124 sunt
884 3072 1004 3140 causac,
1017 3074 1063 3121 ur
1087 3049 1269 3140 quibusm-

146 3148 281 3222 latioues
304 3152 402 3241 specie
424 3154 596 3225 differentes
618 3157 774 3224 oriuntur.
862 3167 865 3172 '
915 3220 919 3226 .

196 3251 244 3320 Ex
267 3251 440 3324 hoc'ellato
463 3256 539 3325 iliud
563 3256 654 3325 iniant
674 3257 860 3344 sTlnomas,
876 3256 1022 3346 quod-a
1011 3253 1273 3325 secundum-duas
1357 3308 1362 3317 .

149 3354 314 3427 relationes
336 3357 416 3446 Filii,
434 3368 465 3428 et
487 3358 616 3448 Spiritus
639 3358 740 3429 Sancti
744 3359 883 3450 ,quibus
892 3360 1072 3428 referuntur
1087 3356 1124 3424 ad
1141 3357 1272 3440 Patrem,
1285 3400 1307 3409 -·
1333 3446 1335 3451 Ι

147 3471 278 3549 oportet
297 3462 425 3551 intelligi
447 3463 524 3533 duas
548 3463 716 3551 relationes'
738 3464 770 3532 in
793 3462 902 3559 Patre,
934 3457 1054 3551 quibus
1071 3448 1218 3577 reiciatur
1239 3463 1276 3530 ati
1367 3454 1370 3459 ’

151 3563 280 3650 Filium,
305 3575 336 3632 et
359 3565 503 3654 Spiritum
529 3566 675 3649 Sanctum
699 3567 751 3634 ⁵».

198 3664 340 3734 Attamen
356 3678 456 3757 potest
481 3666 513 3735 l
536 3687 636 3735 unum
663 3668 796 3734 'relatum
823 3664 913 3734 unica
918 3664 1086 3733 relatione
1109 3662 1214 3733 relerri
1237 3665 1275 3732 ad

152 3766 244 3856 plura
267 3770 426 3855 curretata,
450 3788 529 3859 quae
558 3765 619 3837 sint
640 3764 765 3836 termini
788 3766 998 3855 iuodaequoti.
1016 3764 1094 3833 ilino
1110 3765 1192 3833 filius
1207 3765 1277 3835 uni-

151 3867 356 3940 relatione
378 3869 509 3939 refertur
531 3870 568 3938 ad
592 3880 708 3959 patrem
730 3879 762 3939 et
786 3878 941 3943 matrem:
961 3888 1037 3939 nam
1062 3852 1269 3957 praeterquam

196 4016 269 4088 ¹lln
287 4021 337 4078 lib.
357 4022 482 4094 isene,
500 4023 570 4082 Dist.
590 4022 681 4097 XXX,
699 4040 727 4095 q.
747 4021 769 4096 l,
790 4037 817 4079 n.
839 4021 923 4082 inat.

193 4106 221 4176 ²)
240 4105 309 4179 l,·q.
328 4105 400 4180 Xlil,
419 4126 448 4165 a.
467 4108 484 4164 7
503 4100 616 4180 c.'-·³l
634 4109 662 4179 8,
680 4128 709 4182 q.
730 4108 803 4181 xvt,
822 4122 852 4164 a:
870 4106 943 4164 6'ad
963 4104 992 4163 2.
1042 4172 1045 4179 ι

195 4195 220 4264 ⁴)
239 4193 269 4251 ln
290 4195 339 4251 tib.
361 4195 395 4251 tn
414 4197 508 4271 Sunt„
527 4197 596 4257 vista
618 4195 688 4268 llll,
706 4212 734 4255 a.
755 4196 777 4270 l,
796 4212 825 4268 q.
844 4192 862 4250 2
880 4190 972 4252 recol.

194 4280 259 4352 Ἣ,
277 4298 304 4352 q.
328 4279 445 4353 xxxtt,
465 4299 493 4337 a.
515 4278 578 4340 20.

229 4376 564 4451 mammaemammal
