2760 4770
33 318 36 323 ’
123 327 171 396 vel
195 327 383 397 suocessione
405 326 471 397 sive.
495 326 656 416 corporali,
680 325 743 397 sive
765 324 928 418 spirituali,
946 337 1108 415 quatenus
1129 325 1242 413 quaevis

125 428 255 496 mutatio
277 428 411 518 aliquam
435 428 663 519 possibilitatem
687 429 886 518 consequitur
903 428 927 499 ¹.
959 428 1027 498 Hoc
1049 447 1146 498 sensu
1168 428 1244 495 solus

124 529 206 598 Deus
228 529 339 599 dicitur
354 531 532 618 immobilis,
546 549 653 599 omnes
668 550 742 598 vero
756 542 909 599 creaturae
922 530 1076 601 dicuntur
1094 525 1242 598 mobiles.

124 631 159 702 3·
184 632 313 723 Proprie
335 633 467 703 sumitur
488 654 545 723 pro
568 634 689 724 speciali
712 633 844 721 quadam
867 634 1053 721 mutatione,
1070 650 1169 720 quam
1189 646 1244 696 oer-

124 734 226 804 nimus
249 734 280 803 in
305 736 394 804 rebus
416 736 628 821 sensibilibus,
664 748 695 804 et
717 758 794 825 quae
815 735 1021 806 conditionem
1045 731 1188 823 corporis
1207 749 1245 798 sc·

125 837 240 923 quitur.
266 836 330 905 Hoc
352 859 444 908 sensu
467 850 570 907 motus
591 860 608 906 a
632 837 834 926 Peripateticis
858 838 1030 908 definitur:
1057 838 1159 907 nura
1180 832 1247 900 uu

125 938 160 1004 in
182 939 315 1024 potorum
336 945 427 1026 proatt
450 940 484 1006 in
504 941 641 1028 potentio
657 939 681 1006 ³.
714 938 852 1028 Nempe,
877 938 985 1007 dicitur
1006 945 1100 1007 udus
1122 935 1248 1005 εειὶειε

124 1043 273 1128 punctio,
297 1042 367 1128 quio
391 1043 469 1110 sicut
491 1042 607 1110 lormae
630 1043 691 1109 sive
712 1039 942 1123 substantiales,
967 1040 1030 1108 sire
1054 1035 1248 1106 accidentales

129 1149 253 1210 uoluunt
269 1162 335 1228 ens,
349 1142 410 1211 sivo
435 1143 598 1231 potentiam
614 1142 763 1230 passivam
788 1141 881 1230 ipsius
901 1142 939 1209 ad
963 1140 1031 1209 illas
1054 1135 1246 1227 recipiendas,

127 1243 169 1311 ita
190 1254 220 1312 et
236 1254 350 1324 motus;
362 1243 511 1331 siquidem
537 1242 648 1310 mobile
664 1253 735 1309 ante
750 1253 870 1312 motum
887 1242 976 1310 babet
990 1241 1169 1330 potentiam
1192 1257 1248 1327 pas·

127 1344 225 1414 sivam
239 1346 277 1413 ad
300 1347 428 1415 monui.
447 1345 563 1413 Dicitur
578 1354 680 1411 autem
696 1351 785 1434 pn’out
801 1344 836 1411 in
850 1344 995 1437 ponruio,
1009 1353 1047 1411 ut
1062 1340 1249 1430 signitioetur

131 1456 252 1514 motum
274 1445 314 1513 ita
337 1452 462 1514 annuae
496 1445 661 1532 potentiam
690 1444 839 1534 passivam
869 1444 964 1535 ipsius
986 1444 1202 1534 receptivam,
1220 1449 1249 1507 ut

130 1549 224 1615 simul
246 1547 396 1635 relinquat
412 1547 494 1614 illam
518 1548 657 1637 capacem
673 1544 828 1615 ulterioris
846 1556 933 1616 actus
952 1544 1137 1637 recipiendi,
1151 1542 1250 1637 quippe

131 1648 214 1737 quod
237 1646 381 1737 relinquit
404 1646 577 1716 subiectum
594 1645 774 1738 inpotentia
797 1666 860 1717 non
876 1647 977 1715 solum
999 1646 1162 1735 negativa,
1184 1661 1252 1733 quac

135 1748 275 1820 consistit
297 1749 330 1817 in
353 1749 513 1840 negatione
537 1749 684 1839 perlectae
706 1748 897 1831 actualitatis,
922 1748 1093 1817 sedetiam
1120 1746 1249 1839 positiva,
1289 1770 1291 1827 ;

135 1872 214 1943 quac
236 1863 354 1941 praeter
368 1853 561 1942 negationem
586 1852 731 1940 perlectae
746 1852 928 1920 actualitatis
948 1852 1076 1920 denotat
1092 1846 1252 1919 ordinatio·
1289 1834 1291 1857 '

136 1975 208 2022 nem
231 1953 327 2040 iltius,
343 1954 426 2041 quod
441 1952 553 2021 <licitur
567 1972 633 2021 esse
648 1951 679 2018 in
695 1952 840 2040 potentia,
857 1953 894 2021 ad
905 1961 1017 2021 actum
1034 1950 1253 2040 perfectiorem,

134 2066 171 2124 ut
191 2065 237 2126 est
260 2047 408 2126 terminus
432 2054 527 2145 ipsius
555 2066 658 2125 motus
671 2057 697 2124 ⁴.
712 2055 802 2141 Sane,
821 2065 923 2124 motus
939 2065 985 2123 εει
1006 2062 1100 2122 actus
1125 2050 1254 2142 quidam,

134 2155 187 2225 sed
209 2175 263 2224 sua
287 2165 394 2224 natura
416 2157 453 2224 avl
477 2155 589 2243 aliquid
617 2156 835 2245 acquirendum
861 2157 965 2238 tendit3
990 2155 1062 2224 bino
1087 2174 1160 2242 ens,
1182 2149 1255 2243 quot

135 2269 289 2357 npovetur,
318 2261 421 2328 estin
441 2261 577 2348 potentio
599 2259 636 2325 ad
659 2259 687 2326 id
712 2258 794 2348 quod
816 2267 1054 2326 consecuturum
1079 2266 1156 2344 est,
1178 2255 1256 2324 etlu

136 2367 208 2429 actu
229 2380 267 2429 eo
289 2359 354 2447 ipso
369 2381 432 2449 quo
448 2370 600 2430 movetur.
618 2359 654 2430 E.
666 2382 711 2449 g.,
728 2381 818 2448 aqua,
836 2361 911 2428 dum
927 2358 1040 2446 calefit,
1052 2370 1104 2427 est
1127 2361 1163 2428 in
1183 2362 1253 2441 unu,

138 2464 208 2554 quia
232 2464 345 2554 aliquid
381 2464 471 2533 habet
503 2465 541 2533 de
576 2465 673 2534 forma
696 2465 829 2545 coloris3
854 2465 907 2533 sed
929 2473 975 2534 cst
997 2463 1195 2554 inpotentia
1224 2458 1255 2527 ul

139 2567 314 2639 ulteriorem
338 2570 467 2658 gradum
490 2570 610 2640 caloris.
636 2569 735 2650 Quave
759 2581 862 2638 motus
889 2570 918 2638 t·
940 2569 1092 2638 definitur
1116 2571 1207 2639 etiam
1227 2587 1255 2634 ε-

136 2671 242 2739 ctuoliv
263 2672 415 2739 tendentia
436 2671 554 2739 montis
575 2671 617 2739 uel
639 2674 820 2752 leunsinem,
851 2671 884 2740 Υ
909 2670 1025 2739 Dicitur
1051 2693 1067 2735 ε
1097 2681 1188 2740 actus
1207 2669 1256 2736 im·

137 2770 271 2861 perlecti,
296 2773 372 2840 idest
394 2772 549 2841 existentis
572 2772 754 2860 inpotentia
772 2774 818 2859 ⁵v,
842 2793 914 2840 curn
934 2796 948 2837 t
967 2771 1073 2842 omnis
1097 2782 1204 2843 motus
1224 2768 1255 2837 ει

139 2896 194 2965 per
214 2867 329 2944 exitum
353 2876 389 2943 de
413 2876 542 2965 potantia
566 2874 717 2944 inactum
735 2880 780 2942 ⁶».
807 2876 840 2945 3⁰
859 2898 874 2941 r
896 2875 964 2944 Non
987 2884 1109 2944 eslans
1134 2873 1255 2962 complc-

137 2987 217 3064 tum,
242 2979 295 3047 sed
316 2988 362 3048 εει
386 2978 433 3046 via
457 2978 488 3044 in
511 2978 589 3066 enss,
613 2977 700 3065 quasi
724 2976 858 3045 modium
893 2976 967 3067 qnid
991 2975 1072 3045 inter
1100 2977 1254 3068 potentiam
1288 3038 1291 3049 .

137 3099 245 3167 puram
265 3132 273 3166 ,
297 3091 329 3150 et
351 3091 453 3149 actum
480 3101 592 3168 purum
617 3079 723 3170 ⁷v.[lr'
747 3079 852 3149 Differt
874 3078 913 3147 ab
935 3078 1126 3169 operatione,
1155 3103 1170 3143 v
1194 3072 1254 3167 qvia

178 3359 201 3422 1ι
218 3358 248 3414 ln
268 3358 318 3415 lib.
339 3359 462 3431 tneor,
484 3359 553 3417 [list.
575 3359 645 3432 lllll,
666 3378 693 3432 q.
715 3358 761 3431 ΙΙΙ,
781 3375 808 3416 a.
831 3355 844 3412 1
864 3361 920 3417 rol.

179 3444 205 3512 1)
224 3444 246 3515 Ι,
265 3462 295 3516 q.
314 3443 364 3515 IX,
384 3462 412 3500 a.
432 3443 450 3500 2
469 3459 496 3500 c.

180 3529 203 3601 3)
221 3530 284 3587 vid.
304 3546 329 3588 ε.
349 3532 464 3603 Thom,
492 3531 523 3586 ln
543 3531 592 3587 tib.
614 3530 646 3586 vu
667 3530 803 3602 Pityaia,
823 3529 891 3586 lect.
909 3528 931 3585 l.

178 3616 204 3684 ⁴)
224 3629 237 3672 r
258 3615 352 3672 Motus
371 3626 414 3673 est
433 3625 515 3673 actus
532 3615 614 3688 eius,
635 3614 711 3687 quod
733 3623 776 3671 εει
793 3613 823 3671 in
842 3613 991 3686 potentia,
1009 3621 1154 3685 quatenos
1172 3623 1211 3671 εει
1229 3612 1251 3667 ln

144 3698 280 3767 potentin.
301 3699 384 3755 Velut
404 3713 453 3756 aes
472 3699 597 3768 potentia
617 3709 710 3756 statua
729 3704 783 3755 est.
813 3699 869 3756 Aes
886 3699 989 3771 quippe
1008 3706 1123 3755 statuae
1142 3699 1252 3755 lorrnara

145 3794 237 3853 potest
256 3783 412 3853 suscipere.
433 3785 515 3840 Aeris
535 3783 642 3854 itaque,
667 3783 744 3853 quod
762 3784 886 3854 potentia
904 3793 998 3841 statua
1017 3791 1074 3856 εει,
1087 3785 1117 3841 iu
1129 3798 1167 3841 oo
1184 3791 1253 3839 actor

145 3868 253 3937 positus
271 3878 324 3938 εει,
346 3879 377 3927 ut
395 3869 592 3938 dissolvatur,
617 3877 647 3925 et
665 3869 808 3926 formetur
827 3885 863 3928 ac
880 3870 1053 3945 expoliatum
1074 3885 1151 3944 quae
1168 3868 1251 3927 omnin

145 3964 212 4009 sunt
232 3963 326 4010 motos
340 3970 366 4026 ε,
385 3970 409 4009 ε.
426 3955 570 4023 Damaso,
585 3953 724 4024 Dialeon,
737 3966 765 4007 c.
779 3950 825 4009 61.

182 4038 206 4106 ⁵)
224 4037 246 4106 t,
265 4055 292 4108 q.
314 4038 410 4108 xum,
431 4055 457 4096 a.
479 4037 551 4096 aar
573 4037 598 4096 1.

181 4123 206 4192 6)
225 4124 254 4180 tn
275 4123 324 4179 lib.
346 4123 355 4176 l
376 4125 467 4194 Scau,
488 4124 558 4181 Dist.
581 4121 639 4194 vlt,
659 4141 688 4194 q.
708 4121 728 4193 l,
749 4136 776 4178 a.
801 4120 811 4174 l
836 4121 870 4177 ad
890 4119 920 4178 a.

179 4211 202 4283 ⁷)
223 4209 252 4268 ln
271 4208 321 4266 lib.
343 4207 378 4266 lV
397 4210 489 4282 Sem,
511 4210 579 4268 Dist.
600 4209 622 4281 l,
642 4226 669 4283 q.
691 4207 713 4283 l,
732 4224 760 4266 a.
781 4204 810 4280 l,
831 4209 886 4265 sol.
906 4207 924 4264 2
943 4223 970 4269 o.
1061 4214 1063 4219 '
