2760 4770
65 412 114 465 33.
139 391 227 474 Quod
248 389 417 482 duplicatur
439 409 456 460 a
481 412 508 463 s.
535 387 748 458 Bmarentura
770 387 858 457 hune
878 386 1073 457 immodum:
1105 410 1120 455 1
1146 387 1199 457 nt-

64 497 200 566 cendum
223 506 281 582 est,
305 497 389 585 quod
412 514 521 564 verum
543 503 589 562 est
611 491 649 560 de
671 491 721 559 illa
744 492 950 581 dispositione,
967 499 1105 578 quaeest
1118 489 1201 560 eius·

10 630 14 651 ε
65 600 149 668 dem⁴
164 607 292 666 naturae
313 619 384 666 cum
411 596 582 682 hahitu,'et
603 595 642 664 de
663 614 725 682 qua
740 593 849 664 transit
872 591 1067 662 inhahitum
1080 606 1097 674 ·,'
1118 590 1197 662 sicut

66 700 210 771 scientiae
232 699 392 791 dispositio
414 701 450 768 tit
472 698 596 769 scientia
612 697 754 766 habitus:
780 696 818 765 de
840 696 892 766 illa‘
906 704 1008 765 aulem
1022 693 1202 784 dispositio·

65 822 124 888 ue,
143 822 222 891 quae
250 812 296 871 est
317 801 443 872 alterius
466 800 600 890 generis,
624 810 655 867 et
676 795 810 889 disponit
833 799 935 866 solum
958 816 1011 887 per
1032 794 1201 885 quamdam

69 903 305 993 ordinationem,
330 903 489 974 ueritatem
513 923 577 972 non
600 901 713 980 hahet;
738 911 824 970 actus
839 899 922 969 enim
938 897 1033 967 unius
1048 896 1200 986 potentiue

68 1016 169 1097 potest
196 1025 276 1076 esse.
292 1004 450 1094 dispositio
483 1002 520 1071 ad
544 1002 727 1071 eliciendum
749 1012 852 1071 actum
875 1001 999 1070 alterius
1022 1001 1202 1088 potentiae,

66 1109 148 1177 sicut
161 1106 297 1198 cognitio
311 1109 347 1177 ad
362 1105 579 1176 allectionem¹
597 1129 629 1174 3.
646 1104 792 1174 3333333333
814 1101 1046 1192 explicationem
1076 1103 1198 1173 tradidit

66 1229 94 1278 s.
120 1209 266 1296 Thomas,
291 1221 327 1278 31
349 1208 524 1278 ostenderet
546 1208 638 1276 tidem
661 1205 1202 1301 333333333333313333333133

66 1310 110 1383 sit
130 1310 287 1399 dispositio
299 1309 335 1378 ad
352 1311 493 1400 gloriam,
509 1319 648 1399 quaeest
665 1308 696 1377 in
711 1311 870 1397 effectivo:
899 1332 913 1374 1
932 1308 1099 1379 Dicendum
1115 1311 1197 1398 quod

66 1415 102 1482 in
137 1414 246 1484 eodem
275 1431 341 1483 esse
362 1412 593 1502 dispositionem
615 1412 805 1481 athahitum
827 1430 891 1480 nun
913 1422 960 1482 est
983 1431 1117 1496 necesse,
1139 1413 1202 1482 nisi

65 1517 194 1607 quando
215 1514 373 1605 dispositio
395 1516 430 1584 srt
445 1515 566 1584 habitus
580 1537 589 1599 ;
614 1514 695 1583 sicut
710 1513 802 1583 etium
817 1524 898 1603 patet
914 1513 946 1582 in
968 1512 1115 1582 membris
1128 1533 1200 1582 cor-³

67 1615 164 1707 poris,
190 1616 223 1684 in
249 1626 314 1708 qu'o
336 1638 372 1686 ex
396 1615 590 1706 dispositione
612 1617 705 1685 unius
729 1617 859 1686 membri
884 1615 1067 1705 relinquitur
1089 1616 1201 1704 aliquis

63 1718 236 1790 effectus
227 1739 260 1788 rn
282 1719 387 1808 aliquo
407 1719 466 1788 alio
482 1720 641 1790 membro:
666 1729 697 1788 31
716 1719 894 1789 similitor
885 1741 919 1788 m
933 1718 1048 1788 viribus
1064 1719 1194 1806 animae,

63 1821 149 1936 (11333,
163 1841 201 1889 33
224 1821 301 1888 huna
324 1821 524 1909 dispositione
546 1820 720 1911 phantasiae
735 1821 874 1910 sequitur
889 1820 1040 1938 perfectio
1045 1841 1104 1910 cog
1106 1818 1197 1890 133133-

18 1928 19 1936 ’
61 1923 117 1993 nis
141 1922 174 1992 33
196 1923 382 1993 intellectu²
402 1949 432 1994 3.
1093 1955 1095 1959 ·

16 2062 20 2087 .
112 2024 166 2092 111.
190 2025 332 2096 Hsorrns
356 2044 553 2096 3333333333
576 2047 620 2096 ax
644 2044 791 2096 33333333.
820 2023 1011 2113 adparando
1026 2027 1196 2095 secuudum
1304 2086 1307 2093 .

11 2186 14 2192 .
61 2116 226 2214 virtutem,
247 2127 284 2195 ad
313 2147 379 2196 rem
409 2126 508 2215 inquit
531 2147 558 2198 s.
583 2127 729 2215 Thomas,
755 2126 920 2216 accipimus
943 2129 1092 2210 virtutem
1117 2129 1200 2198 sicut

10 2282 14 2293 .
60 2229 161 2300 etiarn
184 2225 337 2317 contingit
359 2228 393 2296 in
408 2227 525 2298 artibus
540 2229 711 2317 operativis,
729 2228 889 2318 inquibus
904 2229 1044 2300 homines
1062 2229 1198 2300 iaciendo

60 2329 231 2402 addiscunt
250 2350 284 2399 ea
308 2351 387 2420 quae
409 2343 531 2420 oportet
555 2332 651 2402 lacere
675 2342 837 2423 postquam
852 2333 1035 2419 didicerunt,
1054 2333 1132 2404 sicut
1147 2355 1198 2403 ae-

61 2430 221 2501 dificando
243 2430 359 2499 iaciunt
382 2433 601 2520 aedificatores,
617 2443 648 2502 et
668 2433 873 2502 citharizando
888 2435 1079 2517 citharistam
1103 2448 1135 2504 et
1156 2436 1202 2505 si·

61 2532 184 2605 militer
204 2536 357 2623 operando
379 2531 476 2621 iusta,
495 2546 551 2604 aut
573 2545 750 2623 temperata,
767 2546 821 2604 aut
838 2535 937 2622 sortia,
956 2536 1036 2606 fiunt
1057 2538 1201 2609 homines
1314 2534 1316 2541 ’

59 2634 152 2723 iusti,
177 2646 231 2703 aut
258 2635 427 2723 temperati,
451 2646 505 2703 ant
528 2636 622 2705 sortes
637 2636 660 2703 ³.
686 2636 833 2714 Quocirca
857 2637 1054 2708 manifestum
1077 2650 1123 2709 est
1146 2641 1200 2710 hic

62 2755 245 2808 3333333333
267 2737 428 2826 praecipue
451 2737 517 2807 lieri
540 2739 577 2806 de
596 2735 719 2824 habitu,
743 2759 835 2825 quem
859 2760 949 2827 snpra
980 2740 1113 2813 diximus
1128 2767 1198 2834 ope·

61 2839 219 2926 3313311111,
242 2846 332 2925 atque
362 2855 495 2928 prorsus}
515 2837 552 2906 de
575 2836 681 2906 habitu
703 2841 850 2927 ueqrtisilo
862 2861 872 2922 ;
897 2839 1018 2912 habitus
1041 2845 1124 2913 euim
1149 2843 1200 2914 in·

60 2941 126 3012 lusi
151 2950 182 3010 ct
203 2942 356 3010 naturales
377 2947 446 3008 suot
469 2941 588 3031 priores
614 2941 729 3010 actibus
742 2942 769 3008 ⁴.
794 2941 840 3010 Ex
856 2943 972 3011 actibus
990 2955 1093 3013 autem
1108 2968 1202 3035 geno

60 3060 157 3121 33133
177 3047 300 3119 habitus
324 3047 356 3116 in
378 3058 497 3138 agente,
528 3068 592 3116 non
617 3057 708 3138 prout
728 3055 775 3117 est
796 3055 910 3137 agens,
925 3047 1075 3136 siquidem
1091 3073 1200 3140 agens,

64 3161 165 3246 prout
184 3163 232 3223 est
254 3172 360 3242 agens,
385 3171 447 3219 non
477 3160 577 3242 potest
598 3150 632 3219 in
655 3172 699 3238 sc,
724 3158 889 3238 tamquam
903 3149 934 3218 in
957 3150 1118 3241 subiecto,
1143 3153 1201 3222 ali-

64 3275 166 3345 quam
187 3255 364 3343 qualitatom
388 3253 527 3341 recipere,
557 3254 610 3323 sed
634 3263 725 3342 prout
748 3255 786 3321 ah
808 3255 868 3322 alio
891 3264 1041 3337 moretur;
1066 3255 1147 3344 quod
1164 3276 1197 3324 e-

64 3358 133 3430 nim
160 3358 198 3426 ab
220 3357 281 3427 alio
314 3369 481 3444 moretur,
506 3368 537 3426 et
561 3359 700 3445 potitur,
734 3379 787 3447 per
809 3358 874 3428 eius
898 3354 999 3426 a'otum
1023 3351 1062 3427 ad
1085 3348 1200 3451 aliquid

64 3458 254 3551 disponitur,
271 3481 301 3529 e.
318 3482 365 3549 g,
387 3480 453 3528 133
476 3458 684 3571 multiplicatis
706 3460 825 3529 actibus
849 3470 1013 3550 generatur
1035 3461 1067 3529 33
1092 3475 1199 3554 poten·

67 3561 113 3633 tia
133 3560 295 3652 appetitita
319 3561 441 3630 habitus
465 3558 614 3628 uirtutum
639 3560 802 3627 moralium
807 3571 987 3674 ,quatenus
1011 3559 1202 3636 3113333133,

15 3721 20 3731 .
64 3685 119 3737 no
132 3673 301 3747 moretur;
325 3673 355 3733 et
376 3661 500 3733 habitus
522 3661 719 3731 scientiarum
747 3670 949 3750 generantur
956 3662 1000 3730 in
1013 3663 1198 3758 intellectu,

67 3776 168 3860 prout
189 3764 239 3834 hic
261 3787 279 3836 a
302 3762 408 3857 primis
432 3761 693 3854 propositionibus
721 3765 891 3832 moretur*
911 3787 940 3832 3.
957 3764 1108 3844 Quoniam
1131 3789 1202 3841 roro

106 3956 131 4029 ¹)
151 3952 288 4014 inlinit
309 3948 982 4030 3333331333,1311331333331.

10 4037 132 4113 ²)
154 4043 338 4119 qutspp,
359 4042 402 4099 De
424 4037 842 4125 duatrinnands
959 4043 962 4049 '

106 4127 283 4197 ³)1ultbll
305 4127 412 4198 neoto,
433 4126 500 4184 3331.
520 4124 568 4181 1.ἶ

10 4268 18 4291 ,
34 4211 420 4285 ··.333333333331.,
441 4140 999 4284 3331.,.333313,.31,333..33·
1043 4200 1080 4225 ’·

107 4299 134 4372 ⁵)
155 4295 221 4356 3111.
241 4314 264 4357 s.
286 4296 534 4372 rnom.,t·2n,
554 4314 582 4371 q.
604 4293 781 4371 n1,a.2a.
855 4323 858 4330 ·
1152 4312 1156 4319 ·
