2760 4770
126 359 219 451 nique
245 383 260 426 t
285 356 344 431 hos
366 370 413 432 est
435 383 541 432 verum
564 362 597 431 in
620 385 731 455 genere
759 375 896 449 naturae,
914 363 967 441 sed
990 383 1059 431 non
1082 369 1134 431 est
1158 375 1251 425 terum

129 461 159 529 in
182 484 293 552 genere
316 462 433 553 moris,
458 463 536 535 sicut
557 475 658 554 patet,
683 466 754 554 qnia
779 464 849 534 vitia
872 464 1125 533 diversificantur
1149 461 1251 527 forma·

128 565 196 634 litcr
224 567 392 636 secundum
416 569 546 658 speciem
579 589 670 658 penes
702 566 1014 655 superabundantiam
1044 577 1076 634 et
1109 563 1252 633 delectum

130 688 193 736 non
217 670 318 737 solum
340 669 378 737 ad
402 690 434 740 se
458 669 597 757 invicem,
621 669 786 740 sedetiam
811 689 828 736 a
852 669 963 737 virtute
979 668 1029 736 ¹».

74 846 80 855 ,
172 767 221 834 lll.
248 769 349 841 llaurs
372 792 576 843 universate
607 792 823 842 corrmnrrun
850 793 892 840 nu
920 790 1017 840 ursus
1043 785 1248 839 untvensttc

127 890 167 939 ur
192 890 311 957 roruu,
336 892 548 942 recurrens.
568 870 711 940 Videlicet
726 883 920 959 comparatur
935 881 970 938 ut
986 881 1106 954 totum,
1135 867 1162 937 si
1187 887 1250 935 suae

129 973 333 1058 extensionis,
358 993 412 1041 seu
435 974 566 1042 eruditus
590 973 666 1042 ratio
694 975 867 1054 lrabeutur;
904 994 974 1043 nam
998 972 1056 1039 hac
1081 966 1250 1037 rationein

130 1075 228 1162 magis
250 1073 410 1141 universali
435 1093 497 1143 non
521 1076 620 1142 sulum
650 1075 824 1144 continetur
846 1076 879 1143 iu
899 1073 1035 1164 peludru
1059 1068 1171 1139 minus
1194 1067 1251 1137 uui·

129 1179 269 1265 versalc,
294 1179 345 1246 sed
368 1176 459 1246 ctiam
481 1177 549 1265 aliu,
575 1189 609 1245 ut
632 1179 690 1246 sub
718 1178 840 1247 animali
863 1199 925 1247 non
948 1177 1051 1244 solum
1076 1173 1252 1243 continetur

126 1277 240 1365 homo,
266 1280 431 1349 sedetiam
455 1301 565 1368 equus.
590 1280 790 1371 Cornparutur
821 1302 892 1350 vcro
916 1291 950 1347 ut
974 1297 1070 1366 pars,
1100 1275 1128 1342 si
1154 1274 1186 1341 in
1207 1296 1252 1340 sua

126 1381 401 1469 cuutprelteusiune,
419 1403 472 1452 seu
495 1381 654 1472 corrtplcmt
678 1381 864 1471 inspiciatur;
890 1401 961 1448 uam
983 1380 1041 1447 lrac
1058 1377 1183 1445 tutione
1205 1375 1253 1442 mi·

51 1500 54 1505 ·
87 1470 89 1475 ’
129 1501 190 1548 nus
214 1481 383 1552 universale
404 1481 540 1553 continet
564 1482 595 1550 in
618 1483 665 1550 sui
694 1495 841 1574 conceptu
865 1503 928 1551 uon
950 1481 1052 1550 solunt
1071 1479 1178 1568 magis
1194 1475 1253 1547 uni·

129 1583 272 1669 versele,
296 1583 462 1653 sedetiam
485 1584 555 1672 alia,
588 1595 623 1654 ut
645 1585 740 1655 homo
763 1606 825 1654 non
847 1588 947 1654 solum
970 1580 1114 1651 continet
1136 1579 1250 1660 animat

133 1683 299 1752 sedetiam
324 1686 468 1756 rationale
491 1686 517 1754 ².
548 1687 620 1758 lnde
644 1687 693 1756 illa
717 1690 823 1777 regula
847 1686 943 1776 logica
965 1683 1085 1770 existit,
1109 1680 1251 1751 ambitum

130 1793 160 1852 et
183 1787 375 1876 corrtpleacum
399 1788 534 1858 notionis
555 1790 591 1858 iu
612 1793 732 1860 colione
765 1791 889 1860 ittuersu
911 1790 948 1857 ad
970 1808 1002 1858 se
1025 1783 1151 1854 reterri.

175 1885 226 1955 lV.
253 1886 354 1960 Mtuts
379 1882 591 1962 universitas
618 1912 700 1962 suur
724 1911 841 1961 rnruna
865 1908 961 1959 ulnus
979 1905 1248 1958 umvunsntteus.

131 1985 258 2077 Nempe,
282 1991 452 2060 secundum
477 1991 574 2060 nostri
607 1991 746 2061 Doctoris
767 1991 1026 2083 explicationem,
1049 1999 1132 2059 sunt
1153 1990 1252 2077 prium

133 2092 299 2160 soeuudum
321 2093 406 2162 vium
428 2096 630 2184 persecutionis
656 2102 684 2165 el
707 2096 865 2185 temporis
889 2094 950 2162 hoe
970 2091 1055 2160 enim
1082 2091 1182 2161 modo
1195 2110 1251 2160 rua·

131 2190 180 2280 gis
201 2213 366 2265 commune
387 2204 433 2264 est
455 2195 665 2285 imperfectum
690 2206 721 2265 et
743 2196 776 2263 in
799 2196 950 2284 potentia;
967 2215 1047 2283 quae
1060 2204 1174 2263 autem
1188 2199 1252 2261 suut

129 2292 304 2364 huiusmodi
327 2304 400 2366 sunl
414 2296 516 2387 priora
531 2298 555 2364 ³.
574 2296 604 2366 ld
630 2295 787 2365 manifeste
802 2308 925 2385 apparet
940 2298 971 2364 in
987 2296 1191 2383 generatione
1203 2293 1251 2363 lu·

129 2394 233 2478 minis;
258 2418 328 2467 nam
352 2399 437 2487 prius
459 2410 621 2489 generatur
643 2399 773 2484 animal,
797 2419 890 2487 quam
913 2399 1019 2467 homo.
1046 2397 1090 2466 llt
1106 2406 1251 2467 contuse

133 2517 182 2565 res
204 2499 305 2588 halet,
330 2501 357 2568 si
379 2510 531 2591 spectetur
557 2505 634 2573 ordo
655 2502 832 2570 intentionis
853 2508 997 2582 acturum
1015 2501 1077 2569 hac
1102 2500 1189 2572 enim
1209 2522 1248 2569 ra·

131 2597 213 2668 tione
236 2600 331 2670 homo
353 2603 438 2689 prior
460 2612 516 2690 est,
533 2624 625 2692 quam
647 2602 771 2685 animal;
795 2611 920 2670 naturae
934 2602 1018 2671 enim
1034 2600 1171 2672 intentio
1192 2623 1245 2671 uon

132 2699 218 2769 sistit·
234 2700 267 2767 in
283 2703 483 2790 generatione
505 2705 656 2792 animalis,
680 2706 732 2775 sed
746 2702 877 2774 intendit
891 2722 1036 2795 generare
1050 2703 1242 2772 homincm⁴.
1287 2794 1289 2801 Ι

131 2800 217 2880 Quod
240 2801 265 2870 si
289 2813 398 2872 natura
420 2804 518 2895 magis
539 2806 713 2874 uniuersalis
737 2814 909 2895 spectetur,
933 2814 1091 2893 quatenus
1114 2826 1134 2874 a
1156 2815 1243 2875 mente
1287 2816 1289 2821 '

130 2913 234 2972 nostra
256 2904 414 2974 efformata
435 2913 493 2991 est,
523 2926 632 2996 nempe
653 2916 746 2993 prout
768 2926 786 2972 a
808 2905 896 2972 nobis
910 2904 1113 2992 cognoscitur
1128 2905 1173 2975 uti
1188 2925 1240 2975 ma

128 3005 175 3093 gis
198 3003 388 3095 universalis,
414 3016 489 3077 tunc
512 3019 557 3076 est
579 3008 730 3097 posterior
752 3006 856 3076 minus
879 3005 1059 3089 universali3
1079 3028 1153 3076 nam
1168 3026 1243 3076 mens

129 3118 232 3178 nostra
256 3109 312 3178 sibi
336 3122 493 3200 comparat
521 3110 662 3182 notiones
687 3113 783 3200 magis
808 3112 1019 3200 universales,
1042 3131 1084 3179 ex
1109 3133 1148 3181 eu
1168 3110 1240 3202 quod

128 3230 267 3280 seorsum
289 3213 459 3281 considerat
482 3235 528 3302 ea,
545 3214 577 3282 in
598 3213 710 3303 quibus
727 3214 829 3283 minus
843 3212 1028 3282 universalia
1050 3214 1240 3293 conveniunt,

124 3320 157 3378 et
178 3332 223 3399 ea,
248 3313 280 3380 in
304 3310 417 3401 quibus
440 3313 504 3401 ipsa
527 3314 685 3383 differunt.
711 3313 861 3400 Diximus,
885 3320 976 3402 prout
997 3334 1017 3381 u
1039 3314 1126 3383 uobis
1147 3335 1239 3405 coptu

125 3415 219 3484 scitur
241 3416 289 3484 uli
309 3415 502 3497 irrevocatis
520 3423 555 3482 ut
570 3414 625 3503 liis¹
641 3414 739 3482 verbis
754 3414 943 3504 significetur
965 3413 1106 3505 cognitio
1129 3419 1238 3501 uellera,

124 3527 155 3587 ct
176 3514 327 3602 distincta3
344 3517 369 3587 si
392 3519 476 3588 enim
500 3516 537 3585 dc
558 3516 734 3609 cognitione
749 3517 861 3586 directa
882 3526 913 3585 et
934 3517 1060 3587 confusa
1076 3538 1180 3589 sermo
1193 3517 1237 3602 sit,

125 3620 321 3688 statuendum
343 3629 390 3687 cst
411 3628 553 3687 naturam
578 3618 676 3708 magis
706 3618 909 3688 universalem
940 3617 1026 3705 prius
1047 3640 1066 3688 a
1089 3620 1177 3691 nobis
1196 3640 1238 3689 co·

127 3718 244 3809 gnusci,
261 3739 354 3813 quam
371 3720 474 3790 minus
497 3719 711 3789 universalem.
729 3718 817 3809 Eg,
839 3740 853 3784 r
873 3717 957 3809 prius
973 3721 1112 3791 occurrit
1134 3720 1238 3791 intelle

168 3978 237 4104 ps.
258 3980 340 4050 aon,
360 3979 392 4037 n
414 3980 465 4038 trs.
486 3979 509 4036 u
528 3980 622 4052 sem,
642 3977 709 4039 unt.
728 3977 814 4053 xtrr,
833 3992 861 4036 r.
881 3975 928 4050 tu,
947 3993 976 4050 q.
996 3975 1009 4035 t
1026 3976 1068 4038 att
1086 3991 1154 4052 cra.

185 4065 235 4134 tt
256 4084 282 4137 q.
304 4064 442 4138 cxxxv,
463 4084 490 4124 t.
510 4065 528 4126 e
545 4067 581 4125 ar
600 4067 629 4124 2.

168 4150 192 4309 :p
212 4150 275 4293 {¹5¹⁶-
298 4151 462 4295 liegoctum
482 4163 525 4216 cst
537 4152 624 4227 prius
643 4152 827 4230 imperfecto,
847 4149 901 4210 litt.
920 4146 956 4217 Ρ,

263 4253 289 4309 p.
367 4275 375 4294 .
