2760 4770
125 378 251 450 nempe,
266 362 349 451 quod
366 363 403 431 ad
422 360 621 452 perfectiones
636 360 847 449 accidentales,
859 373 891 432 et
910 364 1086 435 artificiosas
1107 365 1251 434 determi-

125 472 231 530 natur.
250 462 327 532 ltcm
342 463 427 534 notio
442 483 548 533 consae
570 462 707 532 formalis
729 482 792 531 non
807 465 907 532 solum
923 463 1054 553 formem
1068 465 1252 556 substantiu-

127 564 213 651 lam,
239 566 401 636 sedetiam
426 566 538 636 lormus
561 564 758 635 accidentales
775 566 1001 657 complectitur,
1027 569 1174 658 siquidem
1198 588 1252 658 per

125 663 183 734 lias
206 667 298 736 stiam
321 690 383 738 esse
405 668 447 737 rei
470 669 507 739 ad
531 668 679 760 quosdam
703 669 812 738 modos
834 670 1056 741 determinatur
1072 673 1096 740 ¹.

176 769 253 840 Vlll.
277 772 385 843 Causa
401 771 899 863 rnlnulsccusnn-Pmuucrs,
917 795 1252 856 tnsrauunnraum-

127 872 292 963 Unrvocu,
319 894 563 955 nsouirocn-
579 875 803 963 Nnccssnms,
834 878 1250 964 cincus-Uutvcastcis
1343 909 1345 912 ·

126 979 1251 1068 rsurrcncums-Pursrcn,nonanis-lnunnuurr,incursuurrs—
1347 977 1349 981 ’

124 1076 284 1168 Proxima,
310 1081 554 1154 renum-rm
578 1103 627 1170 sn,
652 1102 715 1152 rna
739 1103 908 1155 ncmnnns.
929 1083 1008 1160 Sunt
1020 1084 1116 1152 variae
1139 1081 1250 1172 species

124 1203 236 1254 causae
254 1184 420 1255 ellicientis.
450 1185 549 1257 Cocco
570 1187 674 1274 primu
695 1197 842 1276 est,quae
863 1207 951 1256 suam
975 1187 1083 1278 agendi
1105 1187 1250 1277 virtutem

124 1303 143 1352 a
165 1287 251 1354 nulla
273 1287 330 1356 clia
353 1309 443 1358 cuusa
468 1287 585 1377 recipit;
609 1299 706 1358 otest
729 1293 812 1359 solus
835 1289 927 1370 Deus
944 1292 1077 1364 secunda
1099 1300 1155 1380 est,
1171 1310 1250 1379 quae

127 1386 191 1454 vim
215 1389 359 1476 operandi
382 1411 399 1458 a
423 1389 520 1478 prima
544 1400 715 1478 mutuatur,
740 1388 910 1462 cuiusmodi
936 1403 1129 1464 suntomnes
1145 1412 1252 1462 causae

121 1504 287 1562 creatae-
298 1493 399 1564 Causa
421 1495 563 1586 princeps
583 1507 641 1583 est,
666 1516 745 1585 quae
766 1516 804 1566 ex
832 1495 952 1586 propriu
977 1496 1088 1566 virtute
1110 1498 1252 1566 ellectum

125 1595 278 1683 producit3
304 1617 334 1665 r.
360 1619 406 1686 g„
431 1598 476 1665 sol
499 1598 611 1667 lucem.
636 1595 783 1676 Quocirca
809 1618 824 1660 c
851 1616 912 1664 non
929 1598 1031 1666 omnis
1046 1599 1188 1686 primoliu
1204 1609 1251 1668 est
1289 1681 1292 1687 .

124 1717 217 1767 causa
240 1699 359 1786 prima3
384 1699 481 1789 prima
505 1699 589 1770 enim
613 1701 677 1770 sola
699 1709 757 1786 est,
782 1719 859 1788 quae
889 1720 943 1768 nec
958 1720 1132 1790 comparem
1146 1699 1248 1787 lubet,

123 1819 183 1868 nec
206 1803 411 1882 eontrarium3
435 1801 597 1892 primariae
619 1816 722 1871 nutem
747 1802 860 1870 multae
887 1804 1151 1878 sunt-secundum
1168 1800 1250 1869 ordi·

119 1923 193 1971 nem
217 1923 377 1974 causarum
403 1904 414 1942 ²
444 1926 473 1972 n:
500 1905 760 1974 Instrumentoriu
781 1912 885 1972 autem
912 1913 981 1989 cst,
1006 1923 1084 1991 quae
1107 1903 1248 1974 ellectum

123 2004 277 2092 producit,
302 2018 391 2095 prout
416 2006 558 2077 subditur
580 2006 682 2076 virtuti
711 2004 819 2075 causae
842 2004 1028 2094 principalis,
1045 2026 1076 2072 r.
1094 2027 1149 2094 g.,
1166 2004 1251 2073 calor

122 2105 155 2176 in
178 2108 324 2195 operibus
346 2118 485 2195 naturae,
511 2106 668 2198 penicillus
696 2108 728 2176 in
752 2106 895 2196 operibus
917 2099 1158 2175 entis-Conso
1179 2105 1264 2174 criti·-=

124 2220 278 2296 roscen,
302 2228 380 2299 quae
404 2210 542 2299 producit
563 2211 704 2280 ellectum
737 2208 872 2278 eiusdem
896 2229 999 2277 secum
1024 2207 1171 2295 rationis,
1196 2228 1249 2276 sou

121 2312 178 2401 qui
200 2311 311 2381 similis
332 2322 379 2383 est
402 2311 458 2381 sibi
480 2311 650 2382 secundum
674 2308 817 2400 speciem,
842 2330 872 2380 v.
904 2331 950 2398 g.,
978 2308 1057 2399 ignis
1073 2308 1174 2398 ignem
1197 2329 1249 2399 ge·

121 2434 247 2483 uorans:
273 2416 469 2503 Aequi-noco,
501 2435 579 2504 quae
602 2413 744 2502 producit
766 2413 907 2482 ellectum
930 2413 1065 2483 diuersae
1086 2421 1212 2480 naturae
1232 2430 1251 2478 a

122 2535 173 2602 sc,
199 2516 239 2583 itu
264 2528 365 2585 lamen
389 2527 424 2584 ut
446 2536 518 2583 cum
543 2535 580 2584 eo
608 2515 777 2582 secundum
800 2514 923 2603 aliquod
946 2533 1044 2603 genus
1066 2510 1249 2598 conveniat,

122 2637 150 2684 e
177 2637 226 2706 g.,
249 2620 295 2687 sol
320 2617 407 2687 vites.
431 2616 517 2696 Quod
542 2616 567 2684 si
590 2615 716 2685 ellectus
738 2636 837 2705 nepus
853 2614 1023 2686 secundum
1039 2613 1180 2704 speciem,
1197 2634 1248 2682 ne·

121 2738 185 2805 que
208 2720 377 2788 secuudum
412 2719 533 2807 aliquod
557 2739 677 2807 genus,
702 2717 754 2787 sed
778 2729 898 2787 tantum
926 2719 1093 2788 secundum
1117 2715 1251 2807 aliquam

121 2819 308 2910 crotopimn,
335 2841 388 2889 seu
411 2821 682 2910 comparationem,
699 2819 747 2887 vel
766 2817 903 2888 ordinem
919 2820 1163 2889 corcoriacum
1178 2839 1242 2887 cau·

123 2945 168 3011 sa,
194 2925 267 2992 baec
289 2925 420 3012 urrolopa
442 2922 623 3012 appellatur.
648 2917 832 2989 Huiusmodi
855 2931 900 2988 est
915 2920 997 2991 Deus
1011 2933 1148 3012 respectu
1165 2940 1249 2988 crea-

122 3036 263 3092 turarum
276 3025 454 3094 ³.-Cuuso
477 3025 645 3092 neccssaria
665 3033 722 3111 est,
747 3043 825 3112 quae
847 3023 910 3112 agit
933 3033 1059 3091 naturae
1082 3021 1109 3088 vi
1133 3021 1247 3112 absque

122 3126 281 3206 electione:
307 3127 443 3213 Libera,
468 3144 545 3213 quae
567 3145 605 3192 ex
628 3122 748 3214 propria
776 3123 924 3194 electione
945 3125 1032 3214 ogit,
1056 3124 1096 3192 ita
1119 3134 1155 3194 ut
1176 3143 1250 3193 sune

121 3228 235 3297 actioni
257 3227 583 3298 dominetur-Causa
605 3228 787 3298 anniversalis
807 3236 865 3318 est,
878 3226 966 3299 cuius
983 3227 1079 3300 virtus
1094 3229 1132 3296 ad
1148 3225 1248 3295 uarios

124 3329 260 3400 diversae
283 3331 388 3420 speciei
403 3331 535 3409 'effectus
558 3330 734 3422 porrigitur,
759 3341 831 3421 puta
854 3331 911 3420 sol,
934 3331 988 3421 qui
1010 3331 1047 3399 ad
1062 3332 1246 3420 plantarum,

123 3433 328 3503 animantium
350 3445 409 3504 etc.
428 3435 657 3525 productionem
677 3433 849 3504 concurrit:
866 3436 962 3504 eausa
975 3432 1173 3524 particularis
1187 3442 1246 3516 cst,

122 3554 203 3623 quoe
225 3557 319 3604 unam
341 3526 500 3606 dumtaxat
524 3538 653 3626 speciem
675 3537 801 3605 ellcctus
828 3537 995 3624 producere
1009 3536 1099 3621 valet,
1117 3544 1153 3602 ut
1168 3533 1247 3622 ignis

122 3636 248 3729 ignem,
284 3638 399 3708 animal
421 3639 502 3707 aliud
523 3639 648 3708 animal.
675 3637 758 3708 Deus
782 3648 905 3724 autem,
931 3647 1076 3706 monento
1099 3657 1127 3705 s.
1151 3636 1246 3704 Bona·

123 3751 274 3829 rentura‚
303 3763 317 3807 c
343 3742 457 3833 aliquid
481 3742 570 3812 babet
591 3743 629 3811 de
657 3739 813 3811 nobilitate
833 3761 942 3811 causae
965 3737 1152 3827 universalis,
1176 3739 1246 3826 ‹puiu
1306 3789 1326 3802 .

157 3919 183 3987 ¹)
202 3920 263 3979 Vid.
285 3938 383 3995 rocos,
409 3923 686 3994 norma-maurim
709 3923 823 3979 Forma
848 3919 1093 3979 substantiolis·
1107 3919 1242 3976 occiden-

120 4005 211 4076 tntis,
233 4008 287 4067 lin.
307 4011 345 4080 F,
365 4021 405 4079 et,
425 4010 555 4068 Materia
569 4010 825 4081 primo-secundo,
845 4009 898 4063 litt.
911 4008 952 4063 tl.

121 4174 134 4231 Ι
158 4091 184 4158 ²l
203 4091 232 4147 ll.
253 4094 316 4152 tlt.
337 4096 389 4166 bl,
409 4097 450 4155 De
467 4098 565 4154 cursis
582 4107 610 4154 et
626 4098 767 4167 processu
785 4092 1004 4166 cirtccru'rartr,
1023 4092 1073 4149 lib.
1092 4092 1138 4164 ll,
1157 4102 1246 4150 truci..

140 4215 150 4248 ,
172 4193 199 4233 e.
219 4177 247 4234 t.
1067 4210 1070 4215 .

159 4260 181 4336 ³)
201 4263 262 4321 vid.
283 4266 312 4322 S.
334 4267 448 4338 Thone,
468 4265 491 4339 l,
510 4283 538 4338 q.
559 4266 604 4338 lv,
624 4281 651 4322 n.
673 4261 700 4337 8,
720 4271 748 4321 el
767 4279 794 4336 q.
816 4259 898 4333 xlv,
915 4274 943 4318 a.
957 4260 987 4320 Τ.
