2744 4770
143 375 219 443 risio
242 383 273 445 et
295 374 434 464 caecitas,
458 376 623 464 privativa
647 379 736 446 dulae
757 387 788 443 et
811 394 951 444 amarum
975 376 1140 463 eotttruniq
1166 383 1266 467 patera

141 478 220 546 nitas
252 487 283 546 ει
306 477 410 546 liliatio
433 480 557 548 relative
587 479 644 548 sibi
672 489 881 567 opponuntur.
912 501 927 542 a
952 477 1136 566 Oppositio,
1159 477 1201 546 uit
1225 478 1263 547 tt.

141 580 211 647 Alb.
227 578 281 666 ll„
305 589 352 646 εει
374 580 586 669 repugnantia,
610 581 657 648 vel
680 580 846 651 essentialis
868 579 1009 650 distantia
1032 580 1206 667 aliquornrn
1229 600 1263 648 se

142 701 206 750 non
230 681 468 772 permittentium
491 701 557 751 esse
579 680 611 749 in
633 681 741 751 eodem
755 681 861 751 simul.
880 680 997 750 Dicitur
1012 692 1113 750 autern
1130 684 1262 750 alterurn

142 784 241 869 alteri,
265 785 327 853 sive
348 804 447 852 unum
471 782 557 851 alleri
580 781 692 876 opponi
708 783 955 872 quadrupliciter,
972 785 1031 852 hoa
1044 793 1090 853 εει
1107 804 1170 853 uno
1185 805 1261 874 qua,

142 887 214 954 tuor
237 886 411 954 malorum:
436 895 489 954 εει
511 887 594 955 enirn
617 887 785 975 opponitur
807 898 842 956 ut
866 888 904 956 ad
925 886 1050 976 aliquid,
1066 897 1121 955 εει
1137 896 1173 954 ει
1186 907 1260 956 con-

143 986 247 1072 traria,
271 999 325 1055 εει
348 998 384 1055 ει
406 987 526 1056 habitus
547 997 579 1055 ει
601 989 741 1077 privatio,
765 999 818 1057 εει
840 1001 876 1057 ει
899 989 1060 1059 affirmatio
1075 999 1105 1057 et
1120 989 1260 1078 negatio.-

141 1089 393 1180 Oppositioenirn
415 1143 422 1158 .
442 1145 451 1162 .
473 1143 480 1160 .
505 1102 560 1162 εει
582 1104 628 1162 εει
650 1090 728 1161 inter
751 1113 812 1181 ca,
837 1113 914 1182 quae
936 1101 1114 1174 retusum,
1137 1099 1192 1160 εει
1216 1092 1262 1157 in·

142 1202 189 1261 ter
209 1213 254 1280 ea,
271 1214 406 1282 quorum
431 1216 528 1266 unum
551 1204 608 1281 est,
632 1202 664 1263 et
686 1195 814 1263 alterum
837 1215 902 1264 non
923 1204 981 1264 est.
998 1192 1031 1262 Si
1052 1192 1135 1264 enirn
1151 1203 1199 1262 est
1215 1191 1261 1261 in·¹

142 1306 249 1383 terea,
273 1317 351 1387 quae
373 1307 443 1367 actu
466 1305 550 1384 sunt,
563 1309 594 1366 ει
616 1295 679 1365 suis
702 1295 808 1366 lormis
829 1297 1062 1387 repugnantiam
1078 1296 1192 1365 habent
1206 1316 1262 1382 op·

50 1489 55 1495 ῃ
143 1397 326 1487 positionis,
353 1409 425 1469 tunc
447 1410 501 1468 ant
523 1419 555 1469 se
577 1410 650 1470 sunt
672 1400 850 1489 expellenda
874 1401 1041 1471 abeodem
1073 1399 1260 1488 susceptibili

140 1504 310 1572 secundum
336 1504 502 1594 potentiam
530 1514 562 1573 et
590 1514 712 1586 actum;
737 1514 791 1572 εει
811 1502 989 1595 expellenda
1021 1522 1055 1571 se
1086 1503 1258 1573 secundant

139 1615 253 1693 actam,
277 1615 308 1673 et
323 1626 393 1675 'non
415 1605 584 1675 secundum
614 1605 792 1693 potentiam.
818 1606 850 1674 Si
874 1605 974 1694 primo
996 1603 1104 1691 moda
1123 1614 1197 1674 tunc
1213 1613 1260 1673 εει

139 1710 290 1800 oppositio
312 1709 481 1779 saundum
503 1708 541 1776 ad
561 1707 685 1796 aliquid,
703 1706 781 1777 sicut
796 1717 875 1798 patet
887 1711 919 1776 in
935 1720 1019 1798 patre
1032 1717 1063 1777 ει
1079 1709 1154 1776 filio.
1174 1706 1258 1779 ldem

136 1815 219 1889 euim
242 1822 378 1902 respectu
400 1811 535 1881 eiusdem
560 1822 642 1899 pater
664 1832 720 1880 nec
741 1821 799 1898 est,
824 1832 879 1880 nec
902 1822 1002 1900 potest
1023 1831 1088 1881 esse
1104 1820 1135 1878 et
1158 1808 1256 1880 lilius.

126 1914 170 1984 -st
193 1925 296 1984 autem
318 1934 351 1982 se
368 1915 524 2002 'expellant
545 1914 583 1980 ab
605 1913 713 1981 eodem
735 1913 904 1982 secundum
927 1923 1047 1998 actum,
1070 1924 1100 1981 et
1123 1932 1187 1982 non
1208 1932 1255 1982 se-

136 2017 276 2090 cundum¹
297 2015 478 2106 potentiam,
505 2027 580 2083 tunc
612 2025 658 2084 est
680 2013 832 2104 oppositio
854 2013 1084 2086 contrarietatis.
1115 2068 1123 2085 .
1151 2067 1161 2085 .
1190 2066 1197 2083 .
1223 2014 1258 2084 Si

137 2127 240 2187 εειειε
264 2122 309 2186 εει
332 2118 411 2186 inter
431 2137 486 2187 ens
509 2116 685 2207 simpliciter
706 2127 738 2188 et
759 2137 822 2187 non
844 2139 912 2204 ens,
934 2126 1009 2186 tune
1031 2128 1085 2195 aut
1106 2127 1153 2188 est
1179 2116 1257 2187 inter

137 2241 192 2289 ens
215 2219 401 2309 simpliciter,
424 2230 456 2288 ει
477 2240 540 2288 non
561 2240 617 2290 ens
640 2220 808 2290 secundum
830 2221 917 2308 quid,
942 2229 995 2287 εει
1010 2220 1088 2288 inter
1109 2241 1165 2289 cns
1182 2221 1254 2291 sim·

135 2321 262 2416 pliciter,
285 2333 317 2392 et
339 2343 401 2391 non
425 2343 480 2392 ens
501 2322 689 2411 simpliciter.
713 2323 754 2390 tn
775 2321 1019 2411 primoquidem
1032 2323 1123 2392 modo
1137 2334 1186 2392 εει
1200 2345 1257 2410 op·

137 2425 248 2514 positio
271 2425 351 2494 inter
373 2423 511 2493 habitum
535 2426 791 2514 etprivationem,
808 2445 885 2514 cquae
901 2425 969 2495 licet
985 2423 1080 2516 privet
1094 2426 1257 2513 habiturnp

134 2528 277 2618 relinquit
299 2538 401 2598 tamen
424 2527 608 2598 subiectum.
638 2528 677 2596 tt
699 2527 725 2596 si
748 2537 795 2599 est
824 2527 1187 2614 secundo-mod0,·tunc
1208 2537 1256 2598 εει

134 2631 285 2721 oppositio
302 2630 387 2700 tntae
405 2631 642 2700 affirmationem
665 2642 695 2700 ει
719 2631 922 2720 negationem,
942 2630 1101 2721 inquibus
1117 2631 1256 2700 affirma·

135 2732 276 2802 tio-dicit
297 2752 363 2819 ena,
388 2731 509 2820 negatio
530 2743 632 2800 autern
657 2731 832 2822 simpliciter
854 2753 918 2802 non
939 2752 994 2802 ens
1017 2733 1029 2774 ¹
1056 2758 1086 2802 a.

163 2835 286 2911 „Xllvl
311 2836 502 2906 Conrnnntn
525 2855 912 2906 incantare-neultra,
952 2836 1117 2904 Contraria
1139 2838 1253 2905 iactae·

133 2941 336 3023 dictasunt,
361 2937 441 3008 inter
463 2959 541 3028 quae
564 2939 685 3008 nullum
712 2947 795 3009 extat
817 2939 975 3027 medium,
1000 2938 1042 3007 ita
1065 2948 1127 3026 ut,
1153 2939 1255 3029 posito

130 3063 236 3112 eorum
261 3040 397 3111 subiecto
420 3040 555 3131 proprio,
579 3041 761 3110 alterutrum
791 3061 829 3108 ex
853 3040 927 3129 ipsis
950 3039 1111 3111 contrariis
1134 3039 1181 3110 illi
1204 3041 1251 3110 in·

129 3164 194 3215 esse
210 3143 396 3237 necessasia
413 3161 442 3210 ε.
459 3163 506 3230 g.,
525 3163 578 3231 par
592 3153 623 3211 et
637 3142 748 3232 imputa
761 3143 912 3232 siquidem
924 3162 1045 3214 neccsse
1060 3151 1107 3211 εει
1122 3162 1250 3212 omnem

130 3265 296 3319 nttmcrunr
319 3253 373 3312 εει
408 3250 621 3334 εειειεέεεε,
659 3256 712 3314 εει
736 3245 892 3336 imparem.
928 3245 1093 3316 Contraria
1114 3247 1250 3315 mediata

128 3357 223 3436 sunta,
256 3347 336 3417 inter
357 3367 437 3437 quac
458 3369 581 3435 unum,
606 3359 660 3418 εει
683 3350 769 3440 plura
792 3349 889 3419 media
912 3348 1122 3436 intercedunt,
1148 3350 1190 3420 ita
1215 3357 1249 3418 ut

128 3473 250 3523 necesse
279 3473 342 3522 non
379 3452 420 3524 sit
454 3455 583 3524 alterum
609 3455 723 3531 harum
756 3451 982 3522 contrariorum
1005 3453 1142 3522 subiecto
1177 3473 1248 3543 pto·

129 3556 195 3648 prio
218 3556 339 3639 inesse;
360 3577 389 3628 e.
414 3579 461 3647 (ε,
502 3558 580 3627 inter
602 3559 734 3626 calorem
770 3566 802 3624 ει
823 3555 920 3644 trigas
942 3555 1100 3624 intercedit
1132 3569 1248 3646 tepor,

127 3658 207 3728 inter
229 3659 335 3727 album
359 3671 390 3727 ct
413 3657 536 3748 nigrum
561 3659 662 3746 plures
685 3657 778 3726 medii
805 3656 942 3741 colores3
964 3657 1109 3747 quocirca
1126 3676 1250 3729 necessa

126 3781 189 3831 non
212 3771 258 3829 est
280 3780 374 3831 omne
395 3780 507 3853 corpus
528 3780 594 3830 esse
617 3759 768 3848 calidum,
792 3770 846 3829 εει
868 3758 1027 3850 frigidum,
1053 3760 1124 3848 quia
1148 3768 1249 3848 potest*

126 3863 248 3953 aliquod
271 3861 406 3953 tepidum
429 3881 508 3943 essa
534 3860 643 3950 nequc'
656 3882 778 3933 necesse
800 3870 848 3934 εει
874 3881 965 3931 omne
987 3881 1098 3952 corpus
1121 3882 1189 3932 esse
1203 3863 1248 3930 al·

123 3967 221 4052 bum,
245 3975 300 4034 εει
321 3966 472 4055 nigrum,
496 3963 568 4052 quia
592 3973 691 4056 potest
713 3985 779 4035 εεεε
800 3964 894 4036 etiam
917 3965 1063 4052 rubrum,
1089 3974 1144 4034 aut
1166 3963 1248 4039 alius

120 4067 242 4141 caloris.
269 4066 416 4153 lamvero,
441 4065 589 4154 inedium,
614 4067 697 4156 quod
720 4066 799 4137 inter
813 4065 966 4141 contraria
981 4065 1111 4138 existere
1127 4077 1239 4157 potest,

97 4338 107 4351 .
160 4289 184 4360 ί’)
202 4289 246 4346 Da
262 4287 462 4367 praedicam„
483 4291 567 4345 tract.
587 4284 646 4356 vn,
665 4298 693 4341 c.
711 4283 742 4341 2.
