2760 4770
76 432 79 473 :
127 403 200 471 bent
223 421 337 471 neuram
363 401 443 468 inter
466 418 498 466 se
526 418 749 481 eomnmnem,
774 398 824 465 sed
848 396 988 486 singulae
1011 420 1027 466 a
1051 388 1179 490 singulis
1203 419 1248 468 se·

76 568 78 577 .
123 503 309 591 iunguntur,
336 514 370 571 ut.
393 523 554 587 nutriente,
578 512 610 568 et
630 501 752 589 rpraeris
776 501 939 569 multitudo
958 505 982 571 ¹.

76 674 78 680 ,
168 606 221 672 lll.
245 607 431 686 Quaurtras
458 606 864 675 ututuustra—vmruams.
888 605 1048 688 Quantitas
1071 603 1241 672 dimensiue

76 760 78 765 ·
122 723 169 779 est
192 709 344 798 quantitas
367 709 490 798 proprie
512 728 602 778 sensu
627 718 756 796 accepta,
782 728 835 774 seu
860 728 938 795 quae
961 708 1098 776 consistit
1115 709 1144 775 in
1168 709 1242 778 diri-

76 864 78 887 ,
123 813 265 885 sibilitata
289 813 433 901 partium,
457 834 491 880 ac
515 811 638 900 proinde
661 813 697 878 ad
721 810 904 878 substantias
919 831 1079 898 corporeas
1096 812 1237 901 pertinet,

121 926 153 983 et
175 913 336 982 constituit
358 915 639 1004 praedicamentum
667 914 845 1001 quantitatis
870 912 896 982 ².
922 915 1040 983 Dicitur
1069 927 1171 984 autem
1195 917 1243 984 di-

120 1018 260 1084 meusiue
282 1015 322 1083 eb
348 1026 406 1083 tres
429 1014 637 1084 dimensiones
661 1014 1053 1104 longituelinis,latitudinis,
1070 1029 1100 1086 et
1118 1019 1243 1108 prolun-

121 1118 225 1186 ditatis
250 1138 325 1206 squas
349 1117 435 1185 babet
458 1139 465 1196 ;
491 1120 535 1186 rel
566 1119 721 1207 quantitas
744 1119 842 1204 titolis,
867 1119 936 1207 quia
960 1120 1095 1209 corporis
1120 1114 1240 1210 propria

120 1229 177 1287 est.
201 1220 361 1304 Qrtentitus
383 1219 525 1288 virtualis
547 1230 592 1287 est
620 1241 696 1308 quae
721 1221 922 1308 metaphorice
938 1233 1038 1290 sumta
1062 1223 1242 1293 substantiis

122 1321 331 1410 spiritualibus
354 1324 621 1406 accernmodatur,
647 1336 737 1412 atque
761 1344 865 1393 earum
891 1324 1045 1410 virtutem,
1070 1346 1123 1394 seu
1148 1326 1244 1413 perl-

120 1423 254 1493 ationem
279 1421 438 1511 signifieat,
464 1426 509 1491 vel
532 1424 632 1513 quoad
659 1435 813 1508 naturam,
839 1423 885 1492 vel
908 1427 1009 1514 quoad
1032 1426 1238 1514 durationem,

119 1528 168 1594 vel
191 1524 292 1614 quoad
316 1526 376 1592 vim
399 1523 520 1611 agendi.
548 1524 597 1592 Sic
620 1527 755 1614 Angelus
772 1524 925 1594 bominem
943 1527 1090 1596 excedens
1115 1527 1145 1594 in
1171 1551 1236 1617 per·

76 1667 78 1671 ·
120 1627 250 1697 sectione
271 1627 383 1694 dieitur
407 1627 516 1694 babere
541 1626 688 1697 maiorem
711 1629 912 1717 placiditatem
932 1630 1067 1698 uirtutis:
1096 1631 1126 1698 in
1153 1629 1188 1701 iis
1211 1653 1243 1700 e-

120 1729 201 1814 uim,
226 1749 304 1818 quae
326 1749 390 1796 nen
414 1729 495 1797 mole
510 1742 583 1799 sunt
605 1751 727 1819 magna,
746 1731 804 1800 boc
819 1730 932 1798 dieitur·
947 1731 1048 1799 maius
1063 1752 1138 1816 esse,
1162 1734 1245 1821 quod

121 1832 233 1901 melius
254 1844 312 1901 est.
338 1831 387 1900 Sic
403 1830 492 1900 etiam
509 1833 769 1921 aequalitas,quae
791 1842 837 1902 est
862 1833 1028 1922 proprietas
1051 1833 1243 1921 quantitatis,

77 2008 81 2015 ,
125 1932 342 2021 «intelligitur
365 1934 396 2003 in
415 1933 511 2021 Putre,
536 1947 567 2002 et
591 1935 678 2020 Filio,
703 1945 734 2004 et
757 1935 870 2022 Spiritu
894 1935 1015 2020 Sancto,
1041 1937 1248 2022 inquantum

76 2078 87 2121 ,-
121 2037 229 2106 nullus
244 2036 356 2104 horum
377 2046 430 2103 aut
455 2039 604 2126 praecedit
625 2037 813 2125 aeternitate,
839 2048 891 2106 aut
914 2038 1032 2107 excedit
1055 2039 1243 2125 magnitudi-

122 2163 173 2227 ne,
199 2151 252 2209 aut
273 2153 395 2230 superat
413 2151 559 2229 potestate
583 2143 627 2213 ³».
649 2142 734 2210 Unde
750 2141 936 2233 perspicitur,
954 2141 1112 2230 quomodo
1135 2141 1167 2206 iu
1192 2140 1248 2208 ut-

120 2243 205 2313 oieis
225 2242 266 2313 sit
288 2261 409 2311 summa
431 2246 606 2332 aequalitas:
630 2269 644 2311 e
661 2244 832 2327 Quantitas,
850 2246 887 2313 ad
905 2266 970 2314 rem
985 2243 1085 2331 inquit
1107 2263 1133 2311 s.
1149 2242 1248 2311 Bona-

120 2356 265 2430 uentura,
290 2346 402 2415 dieitur
425 2347 604 2438 dupliciter,
630 2345 759 2434 proprie,
784 2344 896 2412 scilicet
918 2344 1071 2432 quantitas
1094 2344 1192 2430 molis,
1217 2355 1249 2413 et

121 2447 309 2535 translative,
323 2450 475 2539 quantitas
497 2447 630 2528 uirtutis;
643 2458 674 2514 ct
696 2446 767 2533 quia
781 2447 832 2513 illa
850 2443 1041 2536 (eeqctelites)
1057 2455 1103 2514 cst
1126 2446 1245 2533 propria

119 2548 223 2638 passio
244 2550 434 2639 quantitatis,
453 2547 616 2637 aequalitas
631 2546 827 2636 consequitur
852 2556 1014 2633 utramque
1028 2547 1242 2633 quantitatem

118 2673 200 2742 erge
222 2653 275 2720 ubi
297 2663 342 2722 est
365 2673 478 2741 ponere
504 2652 704 2740 quantitatem
728 2647 860 2735 uirtutis,
879 2648 919 2716 ibi
942 2660 988 2718 est
1004 2668 1117 2737 ponere
1140 2670 1249 2739 aequa-

120 2756 256 2842 litatem,
281 2759 327 2826 uel
352 2756 606 2844 inaequalitatem.
638 2753 718 2822 llaec
747 2764 849 2822 autem
873 2754 1024 2842 quantitas
1047 2754 1170 2823 virtutis
1193 2758 1247 2846 poss

121 2856 213 2929 nitur
234 2860 267 2926 in
291 2859 510 2948 spiritualibus,
535 2869 566 2924 et
589 2876 710 2927 summe
731 2856 880 2945 reperitur
896 2855 927 2923 in
945 2854 1070 2941 lliuinis,
1088 2856 1158 2945 quia
1174 2857 1248 2928 bace

119 2960 276 3050 quantitas
300 2981 363 3029 non
387 2969 536 3048 repugnat
558 2956 753 3046 simplicitati,
779 2957 836 3025 sed
854 2967 1011 3038 consonat;
1037 2957 1176 3026 similiter
1191 2980 1248 3031 uec

120 3061 288 3150 aequalitas
311 3082 499 3151 consequens
523 3061 610 3130 istam
635 3059 835 3150 quantitatem
857 3059 872 3098 ⁴
899 3082 927 3125 a.

173 3162 223 3232 tt.
250 3163 438 3242 Quaurmas
463 3183 644 3233 reuans-
661 3180 866 3231 renuamus.
893 3158 1020 3249 Flaeus,
1045 3180 1122 3248 quae
1146 3171 1249 3234 tamen

163 3355 188 3425 ¹)
210 3371 223 3409 ι
244 3353 382 3411 martiana
403 3370 491 3425 porro
510 3353 656 3424 deliniunt,
677 3352 727 3422 Ita,
741 3366 865 3422 quorum
880 3359 976 3420 partes
988 3352 1136 3409 communi
1148 3354 1248 3428 aliquo

125 3439 254 3497 termino
271 3441 455 3509 copulantur.
476 3441 548 3498 llam
578 3455 645 3494 eum
665 3438 776 3508 liguum
796 3437 912 3507 aliquod
934 3437 1092 3492 bicubitum
1110 3439 1170 3506 sit,
1189 3443 1247 3499 boc

124 3531 171 3581 est
190 3524 264 3581 duos
282 3525 393 3580 cubitos
411 3525 526 3595 babeat,
546 3524 629 3580 unius
649 3522 736 3578 cubiti
756 3520 830 3590 linis,
849 3530 878 3576 et
897 3521 1018 3577 alterius
1031 3522 1117 3578 cubiti
1139 3525 1243 3593 princi·

126 3608 209 3680 pium
229 3624 319 3664 unum
337 3618 390 3665 est.
411 3608 572 3664 Cohaereut
592 3607 669 3662 enim
684 3607 760 3662 inter
772 3618 815 3673 sa,
829 3614 915 3674 atque
928 3605 1083 3662 coniuncta
1097 3617 1175 3679 suat,
1189 3620 1248 3669 nou

125 3704 226 3752 autem
246 3695 365 3751 suntab
392 3694 515 3751 invicem
534 3693 635 3750 divisa.
658 3692 691 3748 dt
719 3706 792 3748 voro
811 3691 935 3748 discreta
955 3707 989 3749 ea
1009 3704 1099 3765 sunt,
1119 3711 1245 3766 quorum

123 3789 224 3851 partas
243 3794 301 3835 uon
319 3780 490 3850 copulantur
509 3777 655 3834 communi
675 3775 772 3848 aliquo
792 3774 926 3848 termium
942 3786 971 3833 ut
991 3777 1018 3833 in
1037 3778 1138 3835 decem
1157 3783 1246 3841 saxis.¹

124 3866 201 3923 Nam
221 3864 244 3922 si
262 3864 387 3936 quinque
405 3875 433 3920 et
452 3865 577 3934 quinque
597 3877 743 3932 numeres,
757 3876 942 3917 communem
957 3863 1120 3935 terminum,
1135 3866 1183 3937 qui
1196 3882 1246 3924 eo·

125 3951 219 4021 putet,
241 3951 350 4005 nultum
371 3949 508 4006 invenies.
535 3946 646 4003 Etenim
666 3948 689 4004 si
709 3946 814 4017 aliquid
834 3946 973 4018 dederis,
991 3950 1069 4019 quod
1090 3951 1164 4008 iuter
1182 3954 1245 4025 qui«

125 4049 184 4093 nos
204 4044 233 4091 et
252 4034 354 4106 quinos
373 4035 500 4090 medium
519 4034 731 4105 interponatur,
752 4033 808 4088 iam
828 4032 898 4088 baut
916 4033 1061 4107 undecim,
1080 4046 1109 4092 et
1121 4051 1178 4093 nou
1196 4039 1245 4096 do·

126 4135 196 4177 cem
218 4135 245 4188 ις
264 4135 287 4176 s.
311 4121 443 4176 Damaso.
466 4121 604 4190 Dictaeo,
623 4134 649 4175 c.
669 4117 716 4175 ta.

163 4207 190 4273 ²)
210 4203 275 4260 vid.
297 4220 323 4274 p.
343 4203 686 4277 260.-·²t8.1‹'ulg‘ent.,
706 4201 749 4258 De
769 4202 846 4260 Fide
863 4202 906 4258 ad
924 4203 1052 4277 Petrum,
1072 4218 1100 4261 c.
1123 4204 1147 4263 l.

165 4292 191 4361 ⁴)
214 4287 244 4343 lu
263 4288 312 4345 lib.
335 4290 346 4344 l
366 4288 459 4362 Sena,
478 4289 548 4346 llist.
569 4289 644 4362 XlX,
668 4305 698 4361 p.
718 4286 745 4360 l,
764 4304 791 4346 o.
812 4289 834 4363 l,
854 4306 883 4359 q.
903 4287 913 4342 l
931 4290 1022 4351 resol.
