2744 4770
598 296 641 313 -·
664 260 692 333 N
714 296 759 313 -
1123 262 1191 334 223

135 344 196 431 'm
210 364 302 452 obsim
324 370 582 459 quemamodum
606 372 707 442 evenit.
731 374 762 443 in
777 374 876 441 enimn
898 376 1043 457 hnmana,
1067 398 1144 465 quoe
1169 378 1236 444 iicet

155 480 181 531 n
195 468 234 537 rui
252 480 355 539 notura
376 474 479 561 erigat
499 494 566 543 esse
587 496 658 544 cunr
682 496 822 563 corpore;
838 487 955 563 tannen,
982 468 1149 565 perierunt
1171 498 1237 547 esse

115 570 124 586 '
149 564 196 639 tt'rte
211 592 338 662 empore,
355 572 504 663 siqnidem
528 586 651 665 propter
673 579 900 664 corruptionem
916 578 1054 664 eorporis
1067 580 1178 661 evenit,
1203 588 1240 645 ut

145 646 292 761 t'rorpore
312 685 468 763 soporetur
499 675 523 757 ¹3
547 689 578 744 et
603 688 703 744 tomen
726 679 855 746 existere
886 680 1011 766 pergit,
1035 679 1106 768 quio
1130 681 1161 748 in
1185 702 1244 749 sno

140 792 187 839 nro
204 793 263 842 non
278 776 419 863 pendete
442 778 656 873 eorporepsed
679 780 781 866 potins
803 780 924 869 corpori
946 800 1039 847 sumn
1062 802 1124 848 erre
1155 800 1240 849 com·

134 875 264 945 munient.
297 876 404 967 Neque
425 880 506 947 dions
528 892 669 949 notorum
693 882 732 948 ob
756 882 932 970 imperfecto
955 902 1017 950 non
1040 884 1179 970 refugere
1199 905 1236 951 ex

130 998 161 1049 to
178 980 269 1069 quod,
286 992 323 1051 ut
336 1003 411 1051 mox
431 983 620 1071 subsequens
642 985 768 1052 effatum
792 985 949 1069 declaret,
974 984 1012 1051 nb
1038 983 1239 1073 imperiectio-

131 1078 204 1151 ribus
218 1084 256 1151 ad
278 1085 458 1173 perfectiora
482 1087 628 1174 procedit.
655 1086 732 1154 Nom
756 1088 814 1157 hoo
837 1087 915 1175 ipso,
938 1086 1019 1173 quod
1043 1086 1074 1152 in
1097 1085 1238 1174 imperso-

126 1194 169 1255 rto
188 1205 252 1255 non
267 1186 358 1275 sistit,
375 1188 428 1257 sed
442 1187 481 1255 od
504 1189 671 1278 perfeetum
697 1190 803 1277 tendit,
822 1188 1030 1278 imperfectum
1045 1185 1169 1274 quidem
1192 1206 1240 1252 re·

125 1284 206 1375 rugit.

156 1387 344 1459 florendum
366 1400 412 1459 ert
445 1401 549 1459 autem
581 1412 704 1461 cums.
728 1391 940 1460 Bonnrenturo
976 1386 1008 1458 t·
1030 1399 1172 1457 naturam
1196 1388 1237 1456 ito

122 1510 233 1581 temper
258 1491 428 1561 desiderare
450 1494 545 1578 iilud,
568 1498 651 1583 quod
674 1496 783 1562 meiius
805 1507 863 1579 est,
895 1505 930 1561 ut
953 1514 1071 1581 semper
1091 1493 1239 1561 desideret

120 1614 178 1663 uon
199 1595 327 1684 quidem
349 1595 459 1664 melius
481 1597 669 1684 simpliciter,
686 1598 738 1664 sed
755 1596 867 1666 -rnrlins
888 1599 923 1665 in
945 1596 1053 1665 ordine
1070 1595 1094 1662 ².
1122 1595 1155 1665 2⁶
1180 1594 1239 1662 Nn-

122 1704 216 1767 tunm
238 1708 380 1788 oppetere
400 1697 524 1786 quidem
546 1699 760 1787 perfectionem
784 1720 883 1783 sumn,
909 1699 992 1767 ilium
1015 1717 1135 1787 nempe,
1158 1712 1237 1786 quoe

120 1807 160 1867 ott
180 1799 266 1867 intro
288 1801 434 1868 innurem
456 1807 606 1888 naturae,
632 1823 695 1869 non
717 1813 821 1871 autern
844 1801 944 1887 idern,
968 1822 1047 1891 queo
1068 1819 1160 1889 super
1180 1814 1238 1866 no·

122 1904 218 1969 lrtrom
241 1906 285 1967 est
302 1894 327 1966 ³.

159 2000 210 2072 tv.
229 2000 376 2073 Nurum
400 2023 521 2074 moun
546 2026 587 2073 nn
610 2024 939 2075 rnrenreorromnus.
966 2003 1055 2070 Rntio
1076 2014 1145 2085 est,
1169 2002 1239 2090 quie

124 2100 265 2191 quidquid
289 2104 425 2192 procedit
445 2106 483 2175 de
508 2105 641 2197 potentin
665 2110 702 2176 od
719 2118 833 2188 netum,
849 2106 1022 2175 cuiusmodi
1048 2115 1094 2175 est
1117 2116 1237 2192 notura,

121 2204 200 2291 pn'us
216 2202 353 2296 peruenit
366 2207 404 2275 nd
419 2217 521 2274 ectum
538 2205 769 2298 incompletnm‚
783 2210 836 2295 qui
848 2220 895 2278 est
910 2207 1029 2277 medius
1040 2206 1119 2274 inter
1135 2218 1239 2293 poten·

124 2304 190 2375 tiam
211 2315 244 2375 et
257 2317 373 2391 actum,
386 2307 485 2397 {quarn
501 2311 538 2376 nd
555 2323 658 2377 netum
677 2310 842 2398 perfeetum
860 2310 955 2379 ⁴.iioc
970 2314 1123 2392 autemut
1139 2317 1242 2375 monet

124 2426 147 2477 t.
170 2406 316 2493 Thomm,
342 2409 442 2476 locum
459 2410 548 2477 habet
564 2411 664 2498 quood
681 2410 819 2479 ordinem
836 2430 944 2478 consue
967 2409 1142 2490 materialis
1168 2428 1240 2475 nem

120 2509 176 2577 -snb
197 2508 373 2577 huiusmodi
399 2523 535 2599 respectu
558 2513 711 2601 printed
734 2513 877 2600 prodest
900 2512 1120 2599 imperfectius,
1133 2519 1238 2597 quote·

123 2634 177 2683 uus
199 2635 309 2702 nempe
331 2615 368 2683 de
390 2617 566 2706 inperfecto
589 2616 623 2705 fit
647 2616 872 2706 inperfectum
899 2635 960 2683 non
977 2635 1049 2682 rero
1066 2614 1166 2702 quood
1190 2630 1241 2681 or-

119 2714 216 2787 dinem
239 2736 349 2788 oousae
372 2718 491 2806 agentis
506 2719 533 2798 ⁵;
558 2738 629 2786 nam
654 2717 697 2787 siu
717 2727 823 2787 nutum
839 2739 856 2786 a
873 2715 1011 2805 perfectis
1035 2715 1128 2783 sumit
1150 2733 1240 2783 exor-

120 2816 213 2904 dium,
237 2818 311 2909 quia
334 2817 505 2907 imperfecto
529 2838 593 2887 non
622 2818 779 2886 ducuntur
793 2819 831 2886 ad
854 2815 1080 2906 perfectionem,
1104 2815 1161 2885 nisi
1186 2835 1237 2906 por

119 2918 215 3007 diruo
239 2919 367 3008 perfectu
391 2918 620 3009 prueenistentin
638 2922 661 2989 ⁶.

159 3021 195 3091 V.
223 3019 385 3091 Nnrunnu
408 3040 564 3090 rnrrnrun
594 3042 669 3106 nnS,
693 3019 750 3104 nei,
781 3019 848 3089 Ans
871 3038 931 3089 esr
954 3038 1042 3088 suun
1065 3038 1105 3087 ur
1129 3036 1235 3087 rumn-

113 3140 190 3195 rnrx
214 3141 380 3193 urrunnu.
415 3119 515 3188 Huius
537 3120 618 3188 eti-nti
642 3120 718 3190 ratio
740 3130 809 3206 est,
843 3120 915 3209 quio
949 3129 1060 3187 nature
1082 3129 1128 3188 est
1151 3118 1236 3187 veint

111 3225 296 3311 urtefuetnm
319 3220 442 3291 dirime
464 3220 625 3309 sapientiae
640 3224 666 3292 ⁷.
693 3221 770 3289 Hinc
791 3220 870 3288 sicut
885 3220 992 3306 homo,
1018 3230 1054 3288 ut
1077 3219 1117 3289 sit
1140 3221 1238 3312 perie-

110 3338 194 3415 otus,
217 3325 307 3395 debet
330 3325 440 3393 imitari
466 3324 575 3410 Deum,
600 3336 631 3393 et
654 3326 788 3394 numana
810 3322 888 3393 ratio
902 3322 1044 3392 divinum
1066 3322 1239 3411 Rationem,

108 3432 157 3499 tta
179 3447 305 3517 quoquo
327 3423 507 3510 artificialia,
532 3435 568 3494 ut
583 3424 650 3513 ¹sint
667 3425 807 3515 periente,
824 3425 936 3495 debent
951 3423 1061 3493 imitari
1084 3433 1237 3496 naturum.

149 3631 176 3705 ¹)
198 3631 253 3705 Qq.
274 3628 384 3700 dispo,
404 3645 433 3700 q.
453 3643 502 3684 un.
522 3624 565 3685 De
582 3642 646 3696 am,
664 3643 693 3686 n.
715 3624 751 3683 rt
767 3627 805 3687 od
822 3625 869 3684 20.

145 3718 174 3788 ²)
192 3717 224 3772 in
243 3714 293 3771 lib.
313 3714 335 3770 li
356 3714 447 3784 Seno,
468 3713 536 3771 Dist.
557 3713 622 3783 XX,
641 3729 670 3770 a.
690 3714 713 3785 Ι,
731 3732 760 3786 q.
778 3713 799 3770 o
816 3714 858 3773 nd
875 3726 946 3788 arn.

147 3802 173 3873 3)
192 3801 286 3871 leid„
306 3798 374 3857 virt.
395 3797 520 3870 xxviii,
538 3813 565 3855 n.
587 3800 619 3871 ΙΙ,
639 3816 667 3871 q.
689 3798 702 3852 t
722 3800 763 3856 ad
780 3815 851 3872 am.

147 3890 176 3960 ⁴)
194 3886 260 3944 vid.
282 3884 478 3945 Generorione
491 3884 661 3956 posteriora
676 3895 744 3942 runt
760 3887 869 3956 prim
880 3880 1078 3956 perfectione,
1090 3878 1186 3956 pttt,
1195 3889 1237 3957 ot,

106 3968 283 4041 personum
302 3981 344 4028 est
358 3972 447 4042 prim
464 3968 658 4041 imperfecto,
677 3969 731 4029 titt.
751 3971 785 4029 P.

144 4057 171 4127 δ)
188 4053 226 4111 2⁸
243 4054 302 4126 2⁸0,
321 4071 350 4126 q.
371 4055 394 4125 Ι,
414 4068 443 4111 n.
461 4050 479 4107 7
498 4054 533 4108 ed
553 4053 581 4110 8.

144 4141 173 4211 ⁶)
193 4139 225 4210 3,
242 4156 272 4211 q.
293 4138 316 4209 t,
334 4155 363 4194 n.
381 4136 401 4194 6
419 4153 446 4194 c.
468 4138 530 4196 vid.
550 4138 640 4195 Aetne
657 4149 701 4197 ert
715 4138 805 4211 pror·
819 4135 965 4212 motio,
984 4152 1012 4212 p.
1031 4135 1078 4205 35.

143 4228 171 4299 ¹)
192 4223 259 4281 vio.
278 4238 303 4280 e.
324 4222 413 4296 Aug„
433 4223 474 4280 Do
497 4222 593 4293 Prin..
612 4222 662 4279 tio.
680 4220 744 4295 XV,
763 4235 789 4279 o.
810 4221 839 4279 Ι.
950 4280 953 4285 ,
