2760 4770
131 398 248 471 nimam
268 393 377 470 ,latim
400 395 510 468 mundi
533 396 580 480 ¹s;
604 395 687 467 iteras
707 396 791 465 enim
814 395 867 465 dat
886 392 1034 465 creaturis
1055 414 1125 463 esse·
1142 402 1176 462 et
1197 412 1259 463 mo-

133 503 208 591 seri,
230 512 263 571 'at
283 523 347 571 nou
368 511 414 571 est
435 517 542 571 earum
564 501 668 589 [orma
688 500 871 588 iasormaaq
898 497 1049 588 siquidem
1070 517 1139 567 nou
1161 495 1261 567 estin

130 605 278 675 creaturis
301 613 456 692 tamquam
479 625 549 692 pars
571 602 639 673 illas
661 603 860 673 constituens.
950 622 953 630 ·

177 706 257 777 llllt.
282 706 395 776 Fenus
417 724 554 776 anastas
569 722 1013 778 -uarnrnrsrca—aoarcs.
1042 703 1163 773 Fama
1185 702 1261 790 phy-

129 811 204 894 sice,
228 829 281 878 seu
304 805 687 898 supermolarem
708 809 814 895 fortem
827 805 1040 891 aaronitas
1058 807 1107 874 rel
1121 805 1259 874 accidas-

128 911 210 980 tah's.
235 912 350 980 Forma
372 907 577 998 metaphysica
605 919 659 976 cst
674 908 769 977 totius
802 907 987 976 substantiae
1007 906 1170 993 essentia,
1206 927 1258 975 seu

130 1011 248 1099 integra
271 1011 314 1080 rei
337 1021 459 1094 netu1a3
482 1010 624 1100 quocirca
651 1010 751 1080 lorma
772 1008 981 1097 metaphysica
1004 1009 1036 1081 in
1058 1009 1157 1080 rebus
1173 1029 1255 1078 eom·

25 1195 28 1202 .
128 1113 235 1203 positis
255 1134 294 1180 ex
315 1111 441 1182 materia
468 1124 501 1182 et
522 1113 622 1183 torma
639 1121 690 1192 vest
712 1111 842 1182 essentia
862 1109 1034 1201 compositi,
1051 1110 1137 1200 quod
1156 1129 1258 1178 exeo-

128 1214 284 1305 pulelioae
302 1213 417 1282 formae
431 1234 504 1282 eum
520 1211 646 1281 materia
660 1211 858 1282 constituitur
874 1211 899 1279 ².
919 1212 1166 1300 Forma-topica,
1185 1210 1262 1300 quae

126 1322 222 1408 etiam
243 1317 452 1408 metaphysica
471 1317 637 1396 samariam
669 1317 822 1386 reticerem
847 1315 907 1386 uici
930 1319 1033 1403 solet,
1058 1315 1208 1386 consistit
1230 1316 1257 1386 in

128 1420 307 1507 differentia,
330 1439 410 1508 quae
432 1438 529 1507 genus
551 1420 590 1489 ad
610 1417 776 1508 quamdam
791 1417 920 1506 spacioni
936 1417 1103 1491 contrahit.
1124 1418 1258 1507 Utraque

128 1522 204 1593 llaec
225 1521 325 1592 forme
339 1517 556 1610 metaphysica,
579 1529 610 1588 et
630 1518 737 1608 topica,
754 1521 922 1608 appellatur
936 1521 1052 1607 forma,
1078 1519 1121 1588 ob
1153 1541 1257 1610 quarn·

128 1628 201 1698 dem
222 1623 454 1695 similitudinem
482 1644 554 1692 eum
573 1621 703 1714 physica
725 1621 823 1691 forma
846 1622 1048 1693 substantiali.
1075 1621 1163 1690 Cum
1176 1624 1257 1692 enirn

128 1729 205 1808 haee
224 1726 279 1797 det
299 1739 403 1795 actum
427 1728 581 1815 materiae,
605 1725 762 1815 ipsamque
780 1726 945 1813 compleat,
961 1735 991 1793 et
1008 1722 1161 1815 perficiet,
1179 1725 1256 1795 idem

127 1851 200 1900 cum
222 1828 354 1918 quadam
377 1826 574 1918 proportione
596 1826 728 1897 eluatur
749 1849 767 1896 a
786 1829 890 1913 forma
912 1825 1120 1916 metaphysica
1152 1818 1251 1917 {respe-

128 1943 182 2014 ctu
205 1929 298 2001 tatius
319 1928 489 2018 suppositi·
503 1940 566 1999 eta
584 1930 689 2016 forma
703 1930 802 2018 loyica
817 1941 957 2018 respectu
972 1929 1105 2019 generis.
1127 1931 1257 2000 Domum

126 2037 228 2123 ferma
259 2032 423 2122 aliquando
450 2030 631 2120 improprie,
649 2032 785 2102 sumitur
808 2053 862 2120 pro
885 2032 993 2120 quouis
1012 2083 1022 2120 ,
1039 2033 1136 2115 ‚unde
1157 2036 1256 2123 aliqua

127 2159 179 2208 res
197 2134 425 2218 denominatum
449 2133 490 2203 ita
513 2156 619 2206 caecus
648 2133 763 2204 dicitur
784 2154 803 2214 a
824 2134 977 2222 caecitate,
1001 2154 1081 2222 quae
1105 2136 1256 2207 adinstar

128 2244 245 2311 forulae
266 2261 299 2309 se
321 2240 424 2327 habet,
448 2240 528 2310 sicut
555 2251 588 2310 et
611 2238 687 2312 visio
709 2252 848 2330 respectu
871 2241 991 2330 parietis
1016 2242 1070 2309 uisi
1088 2243 1145 2315 ’.ρ

173 2342 746 2437 Xll.l·¹ouum1rne-sspusm1ran.
772 2343 804 2412 l⁰
829 2344 1014 2415 Formaliter
1043 2345 1167 2434 aliquia
1183 2347 1259 2424 [dici-

128 2457 182 2517 tur
203 2446 368 2538 talequorl
390 2446 450 2513 tale
468 2454 515 2516 est
537 2446 584 2515 vel
606 2445 773 2534 menradum
798 2439 970 2534 proprium·
983 2445 1032 2519 sai
1054 2461 1260 2539 conceptum,-

128 2560 165 2618 ut
187 2549 283 2619 homo
302 2548 474 2636 somaahter
499 2558 546 2617 est
567 2548 679 2618 animal
704 2553 821 2619 ratione
845 2549 1033 2640 pmerlitu1u3
1057 2547 1108 2621 rel
1136 2566 1256 2645 propter

127 2651 259 2720 formam
275 2649 331 2720 sibi
347 2648 565 2739 inhaerentem,
586 2662 622 2720 ut
637 2673 746 2723 rannus
761 2654 856 2722 calida
871 2673 888 2719 a
903 2654 1013 2739 calore,
1030 2651 1090 2741 qui·
1104 2654 1152 2724 illi
1165 2659 1253 2743 inest,

123 2751 236 2822 dieitur
256 2750 429 2838 sarraca
450 2751 556 2822 mlida:
582 2751 764 2841 Cossutia,
783 2755 845 2824 sire
867 2755 1029 2843 efficienter
1051 2754 1171 2845 aliquid
1186 2760 1252 2828 diei·

128 2864 179 2936 tur
195 2854 264 2941 tale,
275 2873 314 2923 eo
335 2853 418 2944 quod
441 2855 530 2925 telem
553 2855 683 2939 sormam
701 2857 851 2945 producit.
869 2855 911 2923 lta
928 2857 1074 2927 medicina
1091 2864 1253 2935 carnaliter

126 2967 254 3025 uocatur
277 2977 347 3025 sena
369 2977 407 3025 ex
430 2957 569 3045 sanitate,
592 2980 685 3046 (quum
709 2961 810 3049 giguit
832 2959 865 3027 in
888 2959 1009 3027 animali
1025 2961 1053 3029 ⁴.
1072 2963 1108 3034 ⁹2⁶
1125 2967 1252 3033 Foram-

126 3057 196 3141 titer
231 3058 357 3129 alterius
394 3057 504 3128 actioni
525 3059 641 3148 aliquid
665 3063 817 3140 resistere¹
831 3060 964 3146 dicitur,
987 3063 1071 3148 quau
1096 3069 1158 3136 etsi
1182 3069 1253 3137 nihil

124 3169 220 3244 agat,
244 3168 348 3229 tamm
371 3157 616 3231 illius-ellectum
654 3173 777 3252 propter
799 3162 984 3232 contrariam
1017 3165 1248 3252 dispositionem

125 3259 267 3328 retrudit.
293 3260 337 3329 lta
360 3261 475 3331 loreum
497 3266 607 3333 malleo
634 3265 758 3334 resistit.
791 3264 959 3333 &eremitar
980 3264 1096 3333 resistit
1120 3270 1250 3359 quodsi

125 3380 199 3431 suae
213 3359 342 3432 actionis
359 3366 476 3534 repellit
489 3369 639 3436 actionem
655 3380 686 3436 et
701 3379 846 3436 conatum
863 3366 997 3436 alterins:
1016 3367 1058 3435 lta
1074 3375 1163 3442 calor·
1184 3399 1249 3448 carr·

124 3465 245 3549 salites
252 3466 402 3535 resistiti
400 3467 551 3558 rigori.
524 3471 537 3509 ⁵
579 3469 613 3538 3
638 3471 824 3550 Facutaliter
846 3472 942 3538 lacere
964 3468 1081 3558 aliquid
1106 3475 1188 3545 idem
1211 3489 1249 3554 est

125 3587 164 3651 as
184 3566 259 3634 illud
282 3564 458 3653 informare
473 3571 635 3652 causaliter
657 3569 737 3641 idem
759 3584 805 3640 est
827 3591 863 3639 ac
885 3572 960 3640 illud
983 3574 1161 3649 allicere.
1143 3579 1182 3649 Ε.
1205 3603 1253 3670 g..,

9 3739 14 3747 ,
124 3670 204 3737 calor
226 3670 431 3757 formaliter
423 3672 503 3762 iguis
531 3673 693 3741 causaliter
716 3673 784 3741 iacit
806 3673 951 3755 calidum
977 3666 1051 3741 ilem
1077 3677 1163 3748 llcus
1185 3703 1248 3752 cata-

125 3772 256 3861 salice,
279 3784 313 3840 et
333 3772 462 3843 charitas
483 3775 674 3863 formaliter
681 3779 754 3866 facit
776 3777 992 3867 deprecatore
1013 3779 1176 3852 elotanae.
1214 3784 1220 3802 '

167 4013 191 4082 ι)
211 4012 321 4083 Contra
343 4013 460 4087 Gentes,
479 4015 528 4071 libs
549 4015 573 4088 l,
592 4031 618 4072 c.
638 4015 685 4085 27.
700 4017 814 4090 1-2)l‚
832 4036 861 4091 q.
872 3979 1048 4104 lilium?
1052 4019 1222 4105 hade.

166 4096 283 4168 ³tctp.
304 4097 457 4171 99-4ιι,
476 4118 505 4172 q.
526 4101 600 4174 xvi,
618 4115 673 4161 art.
693 4103 757 4161 6ο.

147 4183 192 4261 ,5)
209 4183 272 4241 Vid
292 4183 467 4243 uestiemur
483 4188 760 4263 passiva-actiae,
779 4192 831 4250 liu.
853 4192 887 4248 R.

165 4271 189 4343 ⁶)
209 4271 239 4329 ln
257 4270 307 4327 lib.
328 4273 337 4326 l
358 4272 541 4346 Sem-„Dice
562 4275 696 4355 tarny.
716 4278 757 4351 l,
761 4293 788 4337 a.
810 4277 823 4334 l
845 4280 879 4337 ad
896 4278 928 4347 ii.
