2760 4770
222 252 287 322 266
662 254 819 322 -Ρ-

223 369 297 440 tvi.
325 371 517 441 Purucrrruu
551 390 636 449 ouou
660 388 1251 451 -ouo-raoxruuu-uuuuruu
1277 368 1296 431 ¹.

220 470 309 542 livit.
337 471 514 544 Purourrus
538 496 699 546 raurorus
720 515 763 527 -
781 491 1298 547 uaruuaa-ourorurs-coeur·

176 595 295 646 riorus.
325 577 477 647 Prioritos
498 579 643 666 temporis
664 599 699 646 ea
721 590 795 664 est,
819 599 881 667 qua
916 599 1014 648 unum
1043 576 1133 647 alteri
1159 572 1299 644 auteedit

174 674 346 756 duratione;
371 697 435 766 quo
457 680 551 748 modo
565 677 743 747 Aristoteles
758 688 804 746 est
819 677 901 765 prior
915 676 1077 760 Cicerone,
1093 679 1215 749 bellurn
1230 674 1299 743 The-

172 778 290 846 hunum
320 780 404 869 prius
437 791 484 849 est
516 780 662 851 Troiane.
697 780 754 849 Ubi
789 782 1008 850 advertendum
1041 793 1092 850 est
1117 781 1180 849 aiia
1218 781 1300 850 ratio

172 901 212 950 ue
233 880 348 970 aliquid
370 882 431 950 diei
451 885 542 973 priua
560 884 661 973 quoad
686 884 894 972 praeteritum,
917 905 1010 972 quam
1034 884 1143 974 quoad
1169 883 1301 950 futurum

176 995 319 1070 ternpus;
344 1006 415 1052 uam
444 986 477 1053 iu
507 994 641 1075 tempore
670 986 830 1076 praeterito
855 985 953 1075 priora
976 997 1051 1054 sunt
1092 1003 1301 1074 quaecumque

173 1095 371 1173 atemporo,
405 1087 488 1175 quod
520 1087 580 1155 iaur
605 1087 720 1171 instat,
761 1087 882 1174 lougius
905 1087 1039 1169 ubsuut;
1081 1084 1298 1167 econtrario,

158 1187 276 1272 'quoad
317 1198 437 1277 tempus
459 1187 625 1268 futurum,
656 1207 735 1275 quae
773 1187 912 1276 propiora
951 1198 1024 1256 sunt
1048 1188 1189 1276 tempori
1228 1187 1299 1276 quud

174 1286 292 1373 instat,
312 1299 348 1356 ut
371 1289 538 1359 hodiernus
560 1289 625 1358 dies
649 1289 733 1377 prius
761 1300 807 1357 est
833 1289 988 1375 erastino,
1012 1289 1176 1359 crastinus
1202 1309 1299 1378 porea

175 1387 261 1459 diuo.
289 1393 441 1459 Prioritus
474 1399 606 1461 naturae
633 1391 744 1460 lateat
774 1390 877 1460 stricte
907 1392 1067 1480 accipitur.
1095 1391 1180 1458 tate
1211 1398 1300 1458 sumta

174 1501 299 1559 vocatur
331 1491 421 1561 etium
452 1493 600 1582 prioritas
631 1492 798 1561 secuudum
828 1491 1005 1562 subsistendi
1031 1493 1298 1580 cortraquerttiam,

172 1598 263 1679 atque
285 1602 330 1660 est
353 1591 432 1660 inter
454 1614 507 1678 eu,
532 1613 666 1680 quoruur
696 1615 761 1660 uuo
784 1594 904 1681 posito,
927 1595 1060 1661 alterum
1087 1591 1236 1677 infertur,
1259 1591 1300 1661 aad

173 1711 237 1765 uon
260 1715 277 1760 e
299 1695 464 1779 contrario
489 1695 513 1764 si
538 1696 594 1763 hoe
616 1707 673 1777 est,
698 1695 837 1784 sequitur
861 1695 936 1763 iilud
958 1716 1034 1764 ersa.
1056 1694 1125 1762 Hor
1152 1693 1247 1762 modo
1262 1691 1296 1774 id,

172 1793 254 1880 quod
277 1806 323 1863 est
345 1798 498 1885 superius,
514 1806 557 1863 est
575 1797 658 1884 prius
682 1795 827 1879 interiori,
842 1817 913 1863 uam
932 1795 1028 1886 posito
1046 1793 1296 1882 interiorisaqui-

173 1906 226 1963 tur
247 1896 398 1986 superius;
424 1919 484 1965 nou
508 1907 625 1977 eontra,
644 1919 713 1964 uum
732 1895 754 1960 si
779 1895 870 1963 dieas:
896 1908 941 1962 est
958 1897 1064 1980 homo,
1091 1906 1190 1981 recte,
1204 1896 1296 1972 interr,

174 2015 249 2084 ergo
271 1998 396 2078 animrh
421 2009 452 2065 at
468 1999 491 2067 si
509 1998 600 2066 dicus:
626 2006 671 2064 est
687 1995 808 2081 animai,
826 2017 885 2062 nou
906 2005 988 2084 potes
1006 1995 1134 2082 inferre,
1152 2019 1232 2088 ergo
1250 1999 1296 2064 ho·

173 2117 227 2165 nto
243 2096 267 2162 ².
297 2121 311 2161 r
331 2098 418 2184 iilud,
437 2099 535 2188 iuquit
550 2099 638 2169 Card.
657 2099 774 2178 Toleto,
791 2099 900 2167 dieitur
917 2099 1012 2186 prius,
1029 2121 1046 2164 a
1063 2120 1129 2187 quo
1149 2123 1214 2169 non
1229 2121 1288 2169 con·

174 2196 302 2265 uertitur
324 2200 505 2269 subsistendi
535 2202 760 2292 consequentia,
788 2202 863 2268 idest
887 2199 928 2286 id,
946 2204 1026 2287 quod
1051 2201 1091 2268 ab
1115 2201 1189 2271 aliis
1215 2201 1292 2271 inter·-

174 2307 238 2386 tur,
261 2301 345 2389 quod
368 2313 469 2373 taurea
494 2326 555 2373 non
580 2304 680 2385 insert,
701 2316 733 2370 ut
755 2324 851 2372 uuum
866 2315 911 2370 est
929 2303 1013 2393 prius
1033 2302 1174 2386 duobus3
1194 2299 1295 2392 quiesi

173 2402 238 2471 duo
259 2415 349 2492 sunt,
374 2425 472 2477 unum
495 2418 553 2487 est;
578 2428 641 2475 non
665 2415 765 2472 tamau
791 2402 815 2470 εἰ
841 2425 937 2471 unuin
953 2402 1077 2488 est,duo
1101 2415 1193 2486 suut;
1217 2403 1295 2472 etsie

175 2502 386 2575 universaliter
401 2507 503 2577 omnia
520 2508 674 2596 superiora
697 2504 760 2573 suis
786 2504 977 2574 inferioribus
1000 2505 1059 2573 hoc
1083 2507 1184 2575 ruodo
1206 2505 1294 2595 priora

172 2601 342 2674 dicuntur³
362 2632 391 2677 r.
413 2609 706 2676 litorius-naturae
726 2606 827 2672 stricte
849 2615 948 2672 sumta
972 2615 1019 2674 est
1041 2606 1104 2692 illu,
1132 2628 1189 2696 por
1211 2628 1291 2697 quam

176 2705 300 2794 aliquid,
324 2708 378 2775 etsi
401 2716 481 2777 extet
503 2729 573 2776 cum
598 2709 657 2774 aiio
679 2705 710 2772 in
739 2710 846 2775 eodurn
872 2706 994 2774 instanti
1018 2707 1104 2794 reati,
1131 2719 1235 2777 taruco
1256 2718 1294 2777 ast

175 2806 348 2895 eiusmodi,
373 2820 408 2878 ut
430 2811 469 2879 ab
493 2811 558 2898 ipso
585 2811 714 2877 atterum
748 2809 847 2897 quoad
876 2807 1065 2877 existentiam
1089 2811 1234 2897 pendeat.
1259 2809 1292 2875 iu

174 2908 221 2977 sol
243 2919 289 2977 est
312 2919 423 2980 notura
448 2911 604 2999 priorsua
629 2911 718 2996 tuoe,
745 2908 822 2997 iguis
845 2928 903 2978 suo
924 2910 1046 2996 calore,
1071 2920 1102 2977 et
1131 2910 1290 3000 generatim

175 3011 277 3081 omnis
299 3035 389 3083 eausa
412 3027 458 3084 est
483 3016 564 3106 prior
586 3034 643 3081 suo
663 3012 771 3080 effectu
788 3012 815 3078 ⁴.
853 3010 1004 3079 Prioritas
1031 3011 1167 3100 oripirtis
1194 3010 1292 3081 dicitur

177 3113 240 3202 itta,
259 3136 310 3202 per
324 3138 417 3204 quam
433 3117 587 3207 quidpiam
604 3115 642 3182 ita
658 3115 708 3197 sit,
727 3123 761 3180 ut
775 3110 888 3201 aliquid
903 3111 942 3180 ab
958 3111 1024 3203 ipso
1038 3114 1211 3200 exoriatur,
1234 3111 1292 3183 lieet

175 3213 235 3284 hoo
256 3236 352 3303 noque
377 3228 513 3308 tempore
540 3218 578 3284 sit
601 3213 764 3306 posterius,
791 3234 889 3302 neque
913 3223 1053 3282 naturum
1078 3215 1289 3304 deprenduntur

173 3314 307 3404 accipiat.
335 3318 414 3387 Haeo
436 3328 586 3409 postrema
614 3317 784 3405 prioritas,
820 3336 912 3403 quam
946 3315 1038 3403 aliqui
1062 3314 1215 3405 Theologi
1237 3334 1288 3381 uon

175 3417 390 3509 prioritatem,
415 3422 466 3491 sed
490 3421 628 3490 ordinem
663 3418 771 3488 metius
796 3426 924 3504 vocant,
949 3415 1061 3484 suffieit
1085 3415 1122 3485 ad
1150 3416 1287 3486 rationem

173 3522 321 3613 principii
337 3526 362 3594 5.
388 3524 466 3593 Hinc
493 3526 528 3593 iu
551 3521 672 3591 Divinis
706 3520 814 3588 ordine
847 3526 967 3586 tantum
992 3513 1123 3606 originis
1148 3517 1237 3587 Pater
1255 3527 1291 3584 est
1325 3508 1332 3525 '
1362 3518 1366 3525 '

174 3623 261 3710 prior
284 3624 372 3709 rito,
397 3635 427 3691 et
450 3633 577 3714 uterque
602 3619 716 3709 Spiritu
740 3619 862 3705 Sancto,
887 3637 959 3685 narn
986 3615 1091 3685 «lieet
1114 3616 1288 3705 principium

176 3726 345 3793 secundum
369 3724 517 3796 rationem
549 3725 683 3792 nominis
701 3744 722 3789 -u
753 3721 907 3812 prioritate
936 3729 1087 3805 sumatur,
1112 3729 1289 3803 nontamen

173 3825 341 3915 imponitur
362 3827 400 3895 ad
423 3826 659 3917 significandum
676 3821 904 3914 proprietatem,
920 3821 973 3891 sed
995 3820 1155 3913 originem
1172 3823 1218 3888 ⁶».
1242 3818 1287 3889 ua-

215 3997 241 4066 ι)
258 3997 320 4054 vid.
333 3999 523 4071 Quod-Quo,
543 3993 699 4068 litua-²)
718 3992 780 4048 Vid.
802 3991 944 4061 athoni,
967 3987 1102 4062 Quodlt'b.
1122 3983 1286 4062 tv,r.2t,rt.

217 4083 241 4151 ³)
260 4082 416 4139 Commeat.
437 4084 470 4137 in
489 4082 570 4138 renio.
598 4079 667 4150 Lep.
690 4075 795 4145 Arist,
813 4089 840 4129 c.
861 4072 922 4151 Xtt.

217 4169 240 4235 ⁴)
260 4166 322 4221 Vid.
344 4181 371 4234 p.
391 4162 438 4218 ta.
453 4193 486 4208 -
501 4166 524 4233 ⁵)
547 4160 606 4233 vid.
629 4179 654 4231 p.
676 4159 722 4235 57,
742 4170 770 4214 et
790 4176 816 4229 p.
836 4154 967 4216 238-239.
1086 4212 1089 4217 .

218 4254 242 4324 ⁵)
262 4249 303 4308 De
324 4253 398 4319 l‘ou,
419 4247 485 4321 q.X,
506 4263 533 4302 a.
559 4245 568 4301 t
591 4247 625 4302 ad
648 4243 727 4302 ludit
751 4244 828 4302 auor:
853 4244 898 4300 utu
913 4240 1019 4305 Diriuis
1037 4239 1174 4300 Persouit
1192 4242 1288 4297 aonot
