2760 4770
60 362 154 441 miter
177 359 339 453 inhaerens
369 359 519 451 sullectm
536 362 700 455 Dispositio
721 374 793 432 vcro
804 374 869 437 est
881 363 1011 456 qualitas
1023 388 1061 437 er
1084 363 1194 437 mtrr'ra

63 484 121 535 sua
144 464 233 534 lacilc
253 465 392 552 mobilis,
415 465 545 554 ideoque
567 467 674 537 leviter
694 466 858 539 inhaerens
878 468 1027 541 subiecto.
1055 471 1073 536 'c
1099 471 1191 540 llabi-

63 579 124 655 tus,
151 568 251 658 inquit
274 568 462 658 Aristotcles,
476 570 525 639 ¹ab
553 568 714 640 allectione
736 571 863 657 dillert,
887 573 960 662 quia
982 585 1028 642 est
1051 595 1098 642 res
1120 574 1192 643 din·

63 669 197 757 turnior,
220 681 251 738 et.
274 672 499 760 permanentior
523 671 534 714 ¹
560 697 591 745 n.
610 672 654 741 tt.
679 696 727 764 g,
761 673 896 762 seientia,
916 675 1011 746 virtus
1032 689 1091 748 etc.
1117 689 1192 745 sunt

60 771 221 861 qttalitates
243 794 281 847 ex
301 772 352 844 sui
381 783 491 843 natura
512 773 716 862 firmissimae,
740 797 812 845 cum
837 775 886 844 illa
909 776 1061 866 principiis
1084 799 1188 847 neees-

64 873 143 944 sario
166 873 256 961 reris,
280 873 336 945 ista
358 874 440 945 bono
468 876 607 962 honesto,
631 877 713 964 quod
738 887 784 947 est
805 877 1008 965 immutabile,
1028 880 1184 951 innitatur.

62 976 126 1045 Hae
148 977 272 1068 proinde
293 979 453 1067 qualitales
482 989 627 1047 vocantur
648 978 766 1047 babilas
789 978 813 1050 ².
838 979 865 1047 tt
889 982 1060 1069 contrario,
1086 983 1186 1074 suspi-

62 1081 120 1168 cio,
145 1081 287 1168 dubimn,
313 1082 416 1171 opinio
437 1092 469 1152 et
495 1082 552 1151 alia
576 1082 751 1151 huiusmodi
775 1093 848 1152 sunl
871 1085 1089 1173 dispositiones,
1113 1084 1186 1175 quia

62 1183 182 1259 levibus
203 1192 236 1265 et,
256 1183 342 1253 batte
365 1184 531 1255 mobilibus
554 1183 761 1254 fundamentis
785 1182 972 1266 innituntur;
992 1207 1028 1254 ex
1051 1207 1113 1274 quo
1137 1187 1183 1274 stt,

60 1297 98 1355 ut
119 1285 186 1355 sine
200 1285 312 1365 ¹labore
334 1285 481 1355 removeri
506 1283 622 1374 possint
643 1307 660 1353 a
683 1284 832 1355 subiecto.
857 1284 1012 1373 Similiter,
1029 1289 1140 1356 sanitas
1156 1299 1187 1357 ct
1256 1315 1260 1320 ·

10 1455 18 1472 ,
63 1387 191 1457 morbus
212 1399 285 1456 sunt
308 1385 547 1476 dispositiones,
571 1388 743 1478 gignuntur
765 1391 848 1458 enim
872 1409 909 1456 ex
934 1389 1050 1458 levibus
1074 1389 1185 1478 princi-

62 1490 131 1580 piis,
156 1511 265 1576 nempe
286 1490 505 1559 ex'eoneordia
528 1493 575 1560 rel
599 1491 824 1580 perturbatione
847 1491 1026 1578 humorum,
1049 1485 1158 1580 quael
1174 1531 1185 1543 ·
1215 1581 1220 1589 .

10 1646 14 1690 ξ
60 1593 118 1661 eile
136 1591 254 1687 =mutari
277 1601 386 1678 potest.
409 1590 490 1660 Haec
520 1614 590 1680 prae
614 1591 710 1661 oeulis
731 1591 869 1660 habenda
889 1604 992 1678 sunt,
1018 1593 1043 1659 si
1067 1592 1185 1661 inbitur

12 1751 13 1758 ,
58 1705 92 1762 et
113 1691 325 1784 dispositionis¹
342 1692 404 1781 ipsa
428 1705 535 1763 natura
567 1695 758 1785 inspiciatur.
784 1698 824 1762 nt
846 1695 871 1762 si
895 1695 1026 1763 conditio
1042 1693 1182 1779 subiecti,

58 1798 111 1866 cui
132 1798 293 1885 qualitates
315 1794 390 1865 istae
413 1797 584 1884 inhaerent,
609 1797 791 1880 attendatur,
815 1797 992 1885 contingere
1017 1807 1124 1884 potest,
1151 1805 1185 1864 ut

55 1900 218 1988 dispositio
241 1899 352 1989 migret
374 1899 406 1968 in
430 1901 580 1988 habitum,
604 1902 709 1986 eodem
733 1898 795 1990 lere
826 1899 939 1984 modo,
965 1920 1027 1988 qno
1051 1919 1125 1986 puer
1149 1899 1185 1966 stt

54 2005 115 2073 uir.
143 2003 175 2072 ld
198 2023 290 2091 porro
312 2002 423 2088 evertit,
446 2026 518 2073 cum
547 2003 676 2092 qualitas
698 2023 735 2070 ex
758 2012 866 2070 natura
883 2022 938 2068 sun
955 2001 1040 2068 lecile
1064 1998 1185 2067 mobilis

57 2107 137 2176 atico
160 2107 265 2187 firmas
288 2107 319 2172 in
344 2105 479 2174 subiecto
501 2107 565 2195 agit
585 2107 711 2192 radices,
725 2116 760 2174 ut
782 2105 821 2173 ab
845 2105 897 2172 illo
920 2102 1020 2171 divelli
1045 2104 1092 2171 vix
1118 2122 1188 2190 pos·
1213 2187 1231 2206 ἱ

57 2209 114 2294 sil,
140 2207 349 2296 pula,sanilas
369 2207 560 2296 huiusmodi,
578 2230 655 2297 (puae
677 2209 770 2277 nullis
794 2207 870 2276 vitae
894 2204 1093 2277 incommodis
1118 2226 1185 2294 pos·

55 2312 99 2379 sit
113 2312 294 2400 expugnari,
309 2321 402 2400 atque
425 2311 526 2399 labris,
549 2334 627 2400 quae
651 2311 683 2379 in
707 2311 806 2378 tabido
829 2311 870 2377 ita
895 2310 1043 2397 profunde
1066 2309 1185 2376 medul-

52 2417 104 2484 las
127 2425 289 2502 penetrat,
330 2424 365 2482 ut
388 2413 476 2482 nullo
499 2413 697 2482 medicamine
731 2411 808 2480 vinci
834 2411 936 2498 possit.
970 2409 1053 2477 idem
1078 2412 1181 2493 locum

55 2518 152 2589 babel
174 2518 274 2606 quoad
296 2535 432 2585 errorem
456 2526 486 2584 el
512 2516 716 2605 opinionem,
740 2534 818 2602 quae
841 2512 1006 2600 aliquando
1029 2522 1089 2580 tam
1114 2528 1182 2600 per-¹

57 2621 201 2689 tinaciter
226 2621 393 2688 adbaerent
415 2618 608 2705 intellectui,
633 2630 682 2687 ul
707 2616 802 2686 nullis
831 2614 1002 2684 rationibus
1037 2613 1186 2682 dimoveri

57 2722 180 2814 possint
193 2722 215 2793 ³.
235 2721 260 2791 t*
283 2718 450 2805 contrario,
474 2719 651 2807 contingere
679 2728 790 2808 polest,
807 2728 843 2785 ut
863 2716 994 2806 qualitas
1015 2736 1050 2784 ex
1075 2725 1184 2783 natum

55 2847 116 2893 sna
133 2825 308 2911 immobilis,
334 2823 461 2911 ideoque
488 2823 524 2891 ad
547 2815 685 2890 habitum
710 2819 861 2910 pertinens
885 2821 926 2887 ob
947 2818 1186 2886 imbecillitatem

56 2928 200 3015 subiecti,
229 2929 261 2996 in
288 2947 350 3015 qno
372 2935 444 3012 est,
474 2924 657 3014 aequitaleat
678 2919 879 3014 dispositioni,
904 2943 933 2990 e.
959 2944 1015 3009 g.,
1040 2941 1128 2987 antor
1150 2920 1182 2986 in

57 3033 189 3118 Dcurn,
213 3054 275 3121 quo
299 3029 340 3099 nil
364 3029 473 3098 lortius
496 3048 562 3097 esse
590 3039 715 3119 potest,
741 3028 781 3095 ob
803 3024 938 3095 hominis
962 3021 1185 3090 instabilitatem

57 3156 152 3224 saepe
173 3133 374 3223 extinguitur:
393 3128 482 3216 item,
522 3129 591 3199 licet
614 3130 690 3199 nibil
720 3128 840 3198 firmius
862 3125 902 3195 sit
923 3123 1046 3194 scientia
1069 3135 1101 3191 et
1124 3122 1183 3189 vir-

54 3249 151 3319 tute,
177 3247 277 3304 lamen
309 3244 436 3322 utraque
459 3231 492 3298 in
517 3241 622 3321 tyrone
651 3231 735 3301 facile
758 3230 881 3302 mobilis
903 3239 951 3300 est
973 3229 999 3294 ⁴.

109 3342 250 3429 adhaec,
273 3341 426 3430 disposilio
448 3338 505 3411 alia
527 3339 618 3409 elium
647 3334 824 3423 signilieal,
849 3343 921 3422 pulo
944 3327 1086 3422 quamtis
1107 3347 1184 3397 con·

55 3443 252 3516 stitutionem
276 3443 329 3513 rei:
354 3445 396 3514 sic
419 3443 573 3536 dispositio
596 3436 731 3527 eorporis
753 3433 880 3505 humani
902 3454 938 3504 ea
960 3443 1017 3519 est,
1043 3439 1077 3500 ut
1092 3435 1185 3518 caput

84 3660 459 3736 ,θὼωᾼὼὴαᾶ

98 3749 123 3816 ².l
144 3747 288 3810 «scientia
307 3747 420 3803 habitus
441 3756 484 3803 est
503 3746 530 3802 in
548 3744 642 3812 seipso
661 3747 754 3798 ratam
774 3738 880 3795 babens
899 3735 1109 3802 certitudinem,
1124 3747 1181 3789 nec

58 3832 123 3889 ulla
146 3834 256 3891 ratione
276 3832 419 3890 mutabilis
437 3840 480 3890 est
493 3848 521 3902 ις
540 3847 565 3888 s.
587 3829 684 3900 basil,
704 3825 809 3885 Comus.
829 3827 861 3882 in
880 3838 945 3894 cap.
966 3824 994 3880 V
1011 3822 1085 3878 lsai.
1108 3821 1176 3876 t'ro·

51 3917 256 4070 ph³elmte⁰ilace
276 4002 332 4073 ipsa
351 4015 475 4072 quoque,
496 4011 561 4069 puta
582 3994 714 4066 morbus,
732 3993 850 4060 sanitas,
869 3989 1051 4061 assimilia,
1072 3989 1095 4046 si
1114 3988 1188 4048 diu·.

58 4099 161 4157 terrun,
181 4097 210 4145 et
228 4104 319 4157 aegro
338 4086 485 4143 ntrrtabtlia
499 4095 576 4157 suot,
597 4084 625 4140 iu
645 4080 772 4137 nubitum
787 4086 934 4135 transeunt
950 4092 977 4151 »ς
997 4092 1021 4134 ε.
1037 4074 1179 4147 liemare,

55 4179 201 4249 Deceleam,
221 4196 247 4235 c.
268 4178 313 4234 bl.

94 4267 119 4336 ⁴)
141 4264 203 4322 vid.
221 4281 245 4331 s.
266 4267 379 4337 Thoan,
401 4260 555 4336 1¹2⁸«,q.
576 4255 675 4328 ttttx,
693 4269 721 4310 a.
739 4251 758 4310 2
776 4249 811 4308 ad
832 4249 859 4309 ³.
