2760 4770
133 348 337 437 privationis,
360 371 453 439 quam
480 347 664 440 positionis;
698 361 763 417 tum
786 346 857 437 quia
880 345 978 414 eliam
1006 343 1099 414 illius
1131 337 1259 411 rudinus

132 452 299 521 transfusio
320 460 365 521 cst
390 471 441 538 per
464 451 718 539 generationem,
750 449 864 538 inqua
889 457 1087 536 generatum
1115 444 1257 534 primum,

130 564 161 619 et
185 552 352 620 secundum
376 552 464 621 habet
486 553 624 620 eamdem
648 552 722 641 rim,
750 573 844 640 quain
867 548 1004 619 habehat
1029 567 1190 639 generans
1211 544 1258 635 pri·

129 652 246 719 umm¹
275 677 305 719 a.
353 662 363 677 '

176 753 310 822 XXXlV.
338 754 597 826 Pnornmrtruu
612 775 749 824 nnuurro
768 775 825 824 nsr
844 773 1002 822 urrunnu
1020 769 1185 822 unctam.
1203 748 1260 816 Ser-

131 877 184 923 mo
206 857 256 925 bic
279 859 314 925 lit
336 859 373 926 dc
395 859 523 946 proprio
547 857 654 925 stricto
677 877 770 925 sensu
784 863 915 942 acceptu,
933 852 1022 941 quod
1044 873 1163 939 nempe
1178 871 1257 939 quar·

129 971 195 1026 tum
221 959 414 1045 praedicabile
438 960 596 1029 constituit
613 959 638 1028 ².
671 959 766 1027 l‘orro
789 955 968 1026 luriusmodi
1003 957 1182 1048 proprium
1206 974 1257 1021 uon

131 1069 228 1145 potest
252 1081 353 1130 rerera
376 1084 393 1129 a
415 1083 472 1130 suo
495 1062 631 1130 subiecto
661 1060 803 1152 separari.
829 1060 860 1127 Si
883 1060 968 1127 euim
993 1059 1037 1126 ab
1063 1056 1197 1126 homine
1211 1057 1258 1122 tol-

130 1162 184 1247 las,
208 1183 236 1230 e.
256 1184 302 1252 g.,
326 1164 521 1253 capacitatem
545 1164 691 1247 discendi,
710 1164 865 1230 bominem
890 1161 992 1249 ipsum
1008 1159 1193 1229 necessario
1215 1179 1257 1226 su·

128 1263 275 1352 stulcris,
299 1265 370 1353 quia
394 1265 468 1332 haec
491 1264 659 1354 proprietas
688 1261 887 1331 indissolubili
911 1282 994 1329 nexu
1019 1283 1104 1329 cum
1137 1259 1257 1327 hominis

131 1372 240 1431 natura
262 1364 415 1452 cohaeret,
439 1365 479 1433 ah
500 1386 595 1455 eaque
618 1364 756 1455 proxime
770 1372 800 1432 et
817 1361 986 1432 necessario
1015 1374 1164 1431 emanat.
1190 1361 1256 1428 llinc

128 1463 219 1529 etlam
245 1464 330 1532 illud:
359 1465 499 1536 l‘uorrua
525 1470 607 1538 suu'r
632 1485 779 1534 sncuunu
802 1482 955 1533 urrunnu
980 1483 1161 1535 norruura.
1181 1466 1255 1530 Atta·

130 1585 200 1632 mou
223 1569 327 1657 bpice,
345 1592 398 1642 seu
415 1584 517 1642 nostra
541 1572 723 1662 cogitatione
746 1581 844 1660 potest
866 1571 1035 1660 proprium
1063 1594 1084 1641 a
1109 1597 1169 1644 suo
1190 1571 1253 1644 sub·

128 1664 206 1736 ieclo
228 1673 385 1762 separari,
421 1698 485 1745 non
514 1675 636 1765 quidem
668 1673 871 1742 abstractione
897 1676 1078 1762 nepertioa,
1105 1697 1168 1765 qua
1191 1696 1254 1764 pro

128 1769 236 1854 priam
259 1774 296 1843 tle
319 1777 455 1846 subiecto
479 1790 621 1866 negatur,
638 1779 688 1846 scd
705 1775 906 1845 abstractione
918 1774 1117 1866 pruecisivo,
1134 1797 1195 1866 qua
1209 1794 1251 1844 co·

127 1870 245 1955 gitatur
268 1898 378 1964 unum,
405 1900 467 1949 non
490 1879 653 1968 cogitando
676 1878 713 1945 de
736 1876 829 1944 altero
847 1874 871 1940 ³.

173 1971 292 2044 XXXV.
319 1980 490 2051 Prormuu
516 2002 615 2052 rnruo
638 2001 731 2049 musa
754 1997 890 2048 suncini.
909 1974 1029 2046 Scilicet
1057 1977 1143 2048 inest
1157 1978 1250 2068 priua

125 2074 245 2162 speciei,
271 2091 426 2170 tamquam
449 2084 586 2153 subiecto
616 2079 852 2164 convenientiae,
877 2077 948 2169 quia
973 2082 1141 2169 proprium
1165 2078 1250 2149 mari·

126 2193 177 2240 mc
199 2191 319 2248 orrrauat
341 2182 379 2250 ah
401 2184 531 2252 essentia
553 2182 673 2271 speciei.
695 2181 734 2251 lta
751 2181 845 2249 homo
860 2190 906 2248 est
923 2181 1064 2269 primum
1082 2182 1246 2250 subiectum

125 2280 318 2372 risibilltutis,
342 2306 420 2376 quae
443 2299 549 2374 peret
573 2298 694 2376 proptor
722 2284 880 2352 homiuem
904 2283 1035 2369 Socrati,
1066 2283 1199 2370 Platoni,
1220 2295 1241 2349 et

125 2380 192 2450 aliis
215 2382 384 2456 individuis
399 2385 552 2456 contenit.
578 2388 616 2454 At
640 2407 703 2455 uon
728 2385 806 2454 inest
828 2386 930 2476 primo
950 2383 1077 2472 speciei,
1097 2396 1242 2472 tamquam

126 2482 262 2552 subiecto
284 2487 472 2557 existentiae.
499 2487 541 2556 lta
569 2487 652 2556 enim
676 2487 779 2574 pium
802 2485 890 2573 inest,
914 2505 967 2554 seu
985 2487 1130 2555 tmetsttt
1146 2484 1241 2556 inditi·

126 2582 208 2670 duis,
232 2608 310 2674 quae
332 2589 429 2680 reipsa
452 2590 580 2658 existere
602 2587 759 2657 dicuntur.

173 2684 307 2757 XXXVI.
333 2690 485 2761 Puorrnu
508 2710 592 2768 ouou
617 2707 853 2766 uuunouououc
877 2708 982 2773 rann,
1003 2709 1043 2756 ur
1071 2709 1170 2758 innuo
1193 2706 1239 2755 an·
1285 2684 1288 2709 '

130 2810 192 2859 urs.
219 2790 256 2859 E.
276 2814 322 2882 g,
347 2792 375 2860 id
399 2793 483 2883 quod
505 2802 552 2862 est
576 2792 653 2861 ratio
676 2791 832 2880 diligendi,
858 2791 956 2877 magis
978 2787 1137 2876 diligitur,
1161 2807 1238 2877 quam

128 2888 171 2973 id,
196 2894 279 2980 (prod
303 2905 425 2984 propter
448 2896 526 2964 hauc
549 2895 696 2965 rationem
713 2892 860 2982 diligitur.
882 2891 967 2960 ltcm:
986 2889 1155 2981 Principia,
1171 2909 1237 2980 quae
1284 2936 1288 2989 ,

128 3004 200 3060 suut
224 2996 300 3065 ratio
321 2997 536 3088 cognoscendi,
562 2998 660 3087 magis
681 3003 937 3086 cognoscuntur:
968 3015 982 3056 e
1009 2991 1104 3061 Calor
1125 3003 1171 3062 cst
1186 3012 1237 3059 ma·
1284 2998 1288 3079 l

128 3094 175 3181 gis
199 3096 231 3163 iu
254 3096 337 3186 igue,
361 3121 453 3186 qnam
477 3099 508 3166 iu
532 3119 660 3187 corpore
684 3097 805 3183 mixto,
830 3093 902 3182 quia
925 3102 1050 3183 propter
1076 3094 1179 3184 ignem
1201 3104 1237 3161 at
1285 3086 1288 3135 t

128 3192 160 3260 in
182 3216 309 3284 corpore
333 3199 459 3266 mixto⁴
487 3223 515 3268 a.
543 3199 583 3285 Ut
605 3208 706 3266 autem
736 3197 794 3264 hoc
817 3195 937 3263 axioma
961 3192 1089 3263 veritate
1105 3196 1236 3284 potiatur,
1285 3242 1288 3281 ἑ

128 3295 305 3382 reipriritur:
332 3298 365 3365 1ο
388 3309 423 3366 ul
445 3320 491 3384 eu,
517 3299 595 3368 inter
617 3319 695 3389 quac
719 3300 753 3364 lit
776 3294 982 3384 comparatio,
1007 3297 1184 3379 formaliter
1205 3310 1237 3365 ta-
1285 3284 1288 3299 ⁵

129 3395 167 3463 lia
192 3397 346 3472 dicautur.
370 3401 449 3471 Hinc
471 3423 508 3471 cx
530 3422 568 3471 eo
590 3401 793 3491 quodhomo
814 3407 861 3468 est
883 3398 992 3468 doctus
1010 3409 1136 3490 propter
1153 3401 1238 3489 pbilo-

128 3501 278 3591 sophiam,
304 3524 367 3574 uon
391 3505 529 3595 sequitur
554 3513 589 3572 ut
602 3499 789 3592 philosophia
806 3497 904 3588 magis
918 3498 1004 3566 docta
1021 3500 1074 3582 sit,·
1092 3524 1166 3570 nam
1182 3502 1237 3593 phi·

128 3599 261 3690 losophia
283 3607 456 3692 formobhr
480 3629 543 3678 uon
565 3606 676 3677 dicitur
699 3605 797 3674 docta.
829 3605 911 3682 Quae
934 3602 1071 3674 conditio
1088 3605 1129 3675 ita
1152 3604 1238 3696 magis

164 3877 186 3944 ll
205 3877 235 3933 ln
255 3877 304 3933 tlh.
325 3880 347 3935 ll
366 3883 461 3955 Sciet,
482 3880 551 3940 nist.
573 3880 697 3952 XXXlll,
718 3896 745 3938 a,
766 3881 786 3953 l,
807 3897 834 3950 q.
854 3878 889 3951 ll,
908 3880 951 3936 od
968 3891 1040 3952 arg.

166 3963 191 4032 ²)
209 3963 269 4020 vu.
289 3981 315 4033 p.
335 3964 402 4023 271.

164 4045 185 4115 ³)
207 4047 278 4115 Quid
298 4050 334 4106 sit
354 4050 511 4107 abstractio
530 4052 666 4125 nepertia
686 4060 715 4107 et
731 4048 901 4122 praecistoo
919 4047 1095 4119 explicatum
1116 4055 1160 4107 est
1180 4066 1205 4122 p.
1217 4046 1242 4106 h.

125 4131 188 4189 vlu.
208 4151 231 4188 s.
252 4135 366 4190 Thom..
392 4138 442 4207 Qq.
464 4140 574 4209 dtspp,
593 4156 621 4208 q.
644 4155 691 4193 uu.
714 4136 754 4193 Dc
773 4138 847 4208 spir.
868 4147 975 4210 ercet,
995 4150 1024 4192 a.
1045 4134 1067 4192 ll
1088 4136 1126 4193 ud
1146 4136 1175 4194 7.

165 4219 188 4286 ⁴)
207 4219 235 4276 lu
258 4221 306 4278 lib.
328 4221 337 4276 l
357 4220 449 4295 Seno,
470 4224 537 4280 Diat.
559 4224 617 4296 Xll,
639 4243 664 4298 q.
686 4224 707 4296 l,
729 4241 756 4281 a.
776 4222 794 4282 2
813 4224 848 4280 ad
867 4223 895 4280 2,
