2760 4770
609 291 652 321 ,-
677 253 704 320 ll
728 293 772 305 -
1136 259 1205 335 toti

130 367 302 453 numquam
328 363 384 434 luit
406 367 605 457 inpetratio,
609 368 660 436 sed
683 387 801 458 semper
824 377 905 449 actm
920 370 999 440 unde
1023 392 1078 441 nec
1102 373 1149 459 m,
1175 387 1252 443 tam-

127 484 226 552 quam
249 465 395 556 indigenti
419 466 505 537 Pater
528 467 622 554 dedit,
646 478 699 535 aut
719 467 790 536 dare
815 469 925 558 potuim
938 491 1147 564 quaecumque
1169 474 1251 543 enim

131 564 230 636 Filius
253 567 354 656 habet,
387 570 426 638 ab
445 578 569 647 aeterno
597 580 628 640 et
650 571 880 653 immutabiliter
908 574 1010 643 babet
1036 575 1140 666 Neque
1164 575 1250 643 Pater

130 664 236 755 libere,
254 671 306 739 scd
330 674 595 761 pernecessariam
613 673 835 745 emanationem
853 675 964 743 Filium
979 689 1116 766 generat.
1120 678 1231 747 Unde
1221 703 1248 747 s

127 766 295 839 ‘llromasm
320 772 490 841 Dicendum
512 775 594 863 quod
616 795 678 845 nou
694 785 741 847 est
754 776 792 844 de
812 777 929 845 ratione
944 778 1074 845 dationis
1077 780 1169 867 ,quod
1195 801 1248 866 po-

128 873 343 963 naturaliqua
367 874 531 945 auctoritas
553 888 691 964 respectu
707 877 780 964 dati,
798 877 856 945 nisi
877 880 1000 967 quando
1023 881 1113 947 alatur
1136 879 1250 967 aliquid
1343 900 1346 905 ·

125 977 214 1064 quod
236 978 365 1047 babetur
388 999 440 1067 per
469 980 594 1047 modum
628 979 777 1062 dominii;
811 990 841 1048 ct
866 980 933 1050 talis
955 979 1036 1048 datio
1059 1000 1119 1048 non
1143 991 1189 1048 ost
1213 983 1246 1048 in

123 1076 247 1147 Divinis
263 1079 310 1148 ἰ.
336 1078 462 1173 insuper
483 1100 520 1147 ex
547 1091 629 1168 parte
653 1080 752 1149 dantis
775 1082 939 1169 requiritur
962 1083 1065 1163 etiam,
1092 1092 1126 1148 ut
1148 1083 1248 1148 [lando

128 1179 280 1268 retincat,
304 1182 352 1251 rel
374 1180 513 1251 nobiliori
539 1184 631 1250 rnorlo
666 1197 780 1274 reparet
803 1186 887 1272 quod
910 1183 994 1253 alteri
1020 1184 1137 1253 tribuit.
1163 1174 1247 1252 Hanc
1316 1243 1320 1250 .

128 1281 171 1348 ob
193 1282 364 1375 rationem,
389 1305 461 1353 cnm
495 1286 533 1353 de
555 1286 643 1353 bonis
665 1284 759 1355 animi
782 1287 909 1377 agitur,
933 1307 1052 1376 semper
1076 1308 1182 1358 rerum
1201 1277 1251 1356 'est

126 1380 207 1451 illud
228 1386 365 1455 ellatum.
1238 1466 1242 1481 Ι

114 1516 131 1531 -·
176 1483 268 1556 XVll.
294 1488 407 1559 llonos
431 1511 594 1563 orantum
619 1512 778 1570 saourrrm
802 1514 914 1565 mooun
929 1514 1078 1578 asseram
1096 1493 1154 1579 ecl,
1171 1491 1253 1561 Ore·

121 1598 212 1658 'unm
236 1610 394 1669 seourrrm
419 1612 510 1677 essm
535 1597 592 1681 oet,
616 1596 736 1675 Oreus
760 1617 865 1668 nonus
891 1617 1043 1680 osseum,
1068 1617 1162 1680 rins
1193 1615 1253 1667 no.-

129 1709 194 1759 ous
218 1710 380 1764 ornanum
406 1695 430 1765 ².
457 1696 575 1765 llorum
599 1699 783 1783 effatorum,
808 1720 886 1788 quae
909 1698 1108 1789 pessimas.
1134 1697 1253 1769 Thema

127 1793 323 1885 adhibentur,
347 1818 455 1868 sensus
478 1812 568 1871 sunt:
596 1802 627 1869 l⁰
651 1803 717 1890 lpsa
739 1802 891 1892 operantis
913 1802 1052 1869 habilitas
1076 1801 1161 1869 valde
1185 1821 1253 1889 pera

129 1894 220 1982 lecta,
244 1909 298 1965 aut
319 1898 495 1987 imperfecta
518 1911 587 1988 est,
612 1912 704 1990 prout
727 1915 773 1972 est
795 1902 862 1973 eius
889 1903 1030 1971 essentia.
1056 1901 1094 1971 lt.
1119 1924 1166 1990 11,
1192 1902 1251 1967 rir-

128 2012 181 2073 tus
203 2004 310 2094 agendi
333 2006 365 2074 in
390 2007 451 2076 Deo
474 2018 520 2076 est
544 2007 770 2096 perlectissima‚
787 2007 856 2096 quia
880 2006 949 2076 talis
964 2018 1010 2076 est
1035 2006 1108 2075 Eius
1125 2014 1245 2072 natura.

128 2104 164 2175 2⁶
187 2105 327 2195 Operatio
364 2119 426 2177 tam
451 2112 580 2198 perfecte
602 2121 633 2178 et
659 2111 840 2178 excellenter
868 2109 947 2177 circa
981 2108 1133 2176 obiectum
1157 2126 1251 2173 suum

129 2219 293 2297 vomatur,
318 2232 411 2299 quam
435 2213 563 2299 perlecta
586 2220 632 2280 est
654 2209 783 2279 essentia
808 2209 971 2298 operantis.
998 2209 1074 2276 Hine
1099 2209 1254 2299 proportio

127 2305 311 2379 intercedere
334 2313 421 2381 debet
445 2315 524 2381 inter
545 2322 687 2380 naturam
711 2311 874 2401 operantis,
899 2323 929 2380 et
953 2314 1172 2399 modumque
1198 2316 1249 2397 per

129 2412 339 2499 operationem
362 2414 516 2483 obiectum
550 2412 724 2501 attingitur.
749 2413 788 2482 Ε.
814 2435 862 2503 g.,
886 2433 959 2480 curn
993 2423 1130 2479 creatura
1154 2410 1194 2479 sit
1216 2410 1253 2477 sr-

130 2512 206 2600 nita,
223 2513 319 2583 boum
343 2516 431 2585 sinito
461 2526 580 2584 tantum
605 2515 697 2583 modo
721 2535 904 2602 cognoscere
928 2523 1037 2602 potest.
1063 2511 1095 2579 3⁰
1114 2511 1251 2600 tropon·

130 2614 174 2684 tio
195 2615 287 2685 etiam
308 2619 397 2688 debet
418 2639 484 2689 esse
509 2618 586 2686 inter
609 2626 749 2700 naturam
773 2616 939 2709 operantis,
953 2626 984 2683 et
1008 2615 1134 2683 medum
1158 2611 1253 2701 ipsius

122 2719 341 2808 .operati0nis;
372 2741 426 2790 seu
460 2723 529 2789 talis
551 2731 598 2790 est
634 2720 772 2801 modus,
799 2740 871 2808 ¹quo
894 2720 931 2786 lit
957 2716 1116 2808 operatio,
1152 2714 1252 2802 qualis

130 2830 180 2888 est
202 2822 353 2908 operantis
377 2833 511 2891 natura:
541 2840 636 2909 quare
657 2820 694 2887 ad
723 2818 987 2908 dignoscendum,
1027 2839 1066 2886 an
1090 2814 1198 2885 modus
1221 2836 1254 2880 a·

127 2921 222 3008 gendi
245 2922 286 2990 sit
306 2924 478 3012 dependens
499 2925 537 2992 ab
559 2923 631 3010 alio,
656 2922 696 2992 sit
720 2922 846 3008 vitalis,
873 2921 1005 3011 prolluat
1027 2941 1065 2988 ex
1088 2916 1254 2986 materiali-

120 3023 193 3095 ·bcs
217 3022 369 3113 principiis
391 3037 464 3112 ete,
502 3025 664 3094 ridendum
688 3033 746 3111 cst,
771 3021 869 3112 qualis
892 3021 931 3090 sit
954 3032 1062 3088 natura
1086 3018 1253 3107 operantis,

131 3123 162 3195 si
184 3124 267 3193 enim
295 3128 369 3195 baec
391 3126 568 3194 huiusmodi
591 3124 658 3210 sit,
684 3136 720 3192 ut
743 3146 760 3192 a
782 3125 869 3192 nullo
890 3123 1081 3211 dependeat,
1108 3121 1173 3190 talis
1196 3120 1255 3191 erit

119 3237 165 3295 et
188 3228 300 3296 modus
322 3228 477 3316 operandt
503 3228 527 3296 si
552 3228 591 3296 sit
614 3247 758 3316 corporea
781 3235 812 3295 et
834 3226 1023 3315 materialis„
1042 3224 1154 3292 modus
1183 3244 1255 3313 ope-

123 3326 416 3399 candidianum
445 3327 607 3397 materialis
629 3339 688 3396 etc.
714 3326 793 3396 Hinc
816 3327 976 3397 vicissim:
1003 3327 1122 3413 Qualis
1146 3345 1254 3395 tronus

123 3451 324 3519 ursanum,
349 3452 444 3502 ranis
468 3453 573 3501 neoris
597 3450 760 3512 asseram
786 3450 859 3499 narn
883 3453 903 3498 α
924 3428 1085 3518 posteriori
1109 3449 1161 3516 per
1182 3429 1254 3496 elle-

131 3543 208 3605 clus
229 3545 258 3601 et
281 3533 470 3624 operationes
493 3543 634 3601 naturam
658 3530 701 3597 rei
724 3531 988 3627 deprehendimus.
1009 3529 1053 3600 br
1069 3529 1163 3600 buius
1185 3527 1256 3599 ella-

117 3635 164 3723 ¹ti¹
184 3634 387 3722 explicatione
410 3636 488 3703 clare
510 3633 585 3701 illud
611 3630 802 3722 intelligitur:
828 3631 942 3704 llonus
966 3649 1189 3702 eoeuoscnuur
1206 3651 1259 3702 sa·-

119 3754 261 3812 ,(ιιιιτιιιι
284 3757 397 3809 uenum
421 3755 567 3807 assuunt.

176 3964 315 4034 ¹)lnlib.
338 3965 459 4043 lScttt„
477 3967 548 4025 urst.
570 3963 630 4035 XV,
649 3983 677 4036 (1
697 3964 744 4037 tlt,
763 3979 791 4020 a.
814 3961 930 4018 laet.

172 4051 197 4117 ²)
217 4050 411 4119 soporantem
429 4066 499 4107 suae
516 4053 644 4120 coaptari
662 4049 834 4120 operationi,
852 4050 983 4121 hancque
1001 4046 1041 4105 illi
1056 4064 1257 4123 congenerem

119 4152 173 4219 ,ae
192 4136 308 4192 affinem
327 4152 391 4195 eata
409 4153 534 4213 promus
547 4154 664 4194 necesse
692 4150 782 4207 astt3
802 4153 825 4192 a.
836 4137 976 4206 Maxim,
986 4138 1101 4209 Opurc.
1123 4137 1209 4194 theol
1230 4138 1258 4195 ἐι

131 4214 258 4293 polana,
280 4222 321 4279 De
340 4222 454 4278 drmdua
470 4224 558 4280 tetrius
578 4223 685 4282 Christi
702 4221 757 4279 Dei
773 4224 870 4280 nostri
887 4177 1096 4287 veteratoribus.
1178 4270 1181 4275 .
1203 4288 1207 4299 1

171 4306 375 4379 simeonium,
389 4308 517 4388 lexicon
1055 4308 1094 4363 te
