2760 4770
148 331 249 400 euntis
271 332 497 400 demonstratur
531 333 712 398 creationem
735 334 770 398 ati
796 351 894 420 genus
918 334 1046 400 actionis
1080 331 1267 400 transeuntis

145 433 306 520 pertinere,
331 456 402 502 nam
430 457 444 498 t
470 445 515 502 cst
545 433 613 500 talis
635 435 724 521 actio,
748 456 824 525 quae
847 437 989 502 effectum
1013 436 1198 504 exteriorem
1223 454 1268 501 rc·

142 533 252 619 linquit
277 537 288 575 ¹
315 561 345 605 a.

185 634 265 703 xtx.
290 637 569 733 Acyta-Facito.
604 633 635 702 1ο
658 634 797 722 Operatio
827 634 999 702 immanens
1021 639 1110 722 uctiu,
1128 637 1266 726 operatio

138 739 288 808 transiens
309 741 411 826 factio,
438 738 500 807 sive
528 739 638 826 effectio
668 739 788 826 proprie
810 737 934 807 tiicitur.
955 739 1268 826 reportaremur

137 841 335 927 operationes,
360 861 438 928 quae
467 851 536 929 post
563 861 594 907 se
617 861 695 925 opus
709 839 829 928 atitptoi
843 841 1033 928 reiiutpnmt,
1053 853 1086 908 ut
1101 839 1266 908 aedificatio

137 942 258 1011 domus:
283 940 436 1029 notiones,
467 964 544 1030 quae
572 941 647 1008 uiirii
672 942 773 1029 operis
806 943 901 1009 eliocti
927 954 1001 1030 post
1018 966 1049 1011 so
1073 943 1208 1027 sinunt,
1234 953 1265 1007 ut

136 1045 283 1128 sabatio,
308 1055 361 1112 θυι
383 1046 484 1112 cantio
508 1043 534 1113 ².
560 1043 593 1112 3⁰
626 1042 764 1113 Actiones
792 1057 864 1111 sunt
894 1044 1104 1134 operationes,
1129 1066 1209 1134 quas
1231 1062 1265 1107 cx

76 1140 86 1149 “
140 1134 305 1236 praeceptis
337 1157 368 1214 et
390 1145 509 1234 legibus
533 1145 622 1230 vitae,
647 1167 680 1212 ac
711 1144 786 1211 iuris
810 1146 925 1232 regulis
949 1146 1170 1214 aestimamus:
1199 1145 1262 1230 offe

137 1248 259 1335 stiones,
283 1270 360 1339 quas
382 1270 419 1316 ex
444 1249 568 1335 regulis,
598 1257 628 1314 et
652 1245 815 1335 praeceptis
839 1268 964 1313 suarum
989 1247 1115 1313 artium.
1133 1246 1214 1311 ilinc
1229 1243 1265 1308 ab

140 1350 310 1419 actionibus
332 1353 471 1420 absolate
494 1350 565 1419 boni
594 1349 735 1434 dicimur,
761 1363 813 1416 θυι
831 1350 913 1433 mali3
931 1351 969 1417 ab
984 1351 1185 1439 effectionibus
1202 1371 1262 1416 non

137 1451 220 1540 item,
246 1453 394 1522 scriboni
420 1464 551 1541 tantum,
576 1465 630 1521 θυι
656 1454 726 1521 mab
750 1454 893 1522 artifices.
919 1455 955 1522 E.
983 1454 1084 1544 g.,qui
1102 1455 1194 1539 iuste,
1214 1465 1264 1520 θυι

135 1554 254 1622 sortiter
276 1557 352 1643 opit,
376 1557 512 1624 absolute
534 1557 635 1624 bonus
663 1554 784 1642 dicitur,
808 1567 837 1622 et
866 1557 966 1624 iustus
982 1566 1033 1622 θυι
1052 1556 1147 1642 ιυιιῐυ,
1166 1567 1198 1624 ot
1213 1556 1264 1644 qui

135 1657 167 1725 in
192 1657 321 1729 iustitiae
344 1672 395 1726 θυι
419 1658 605 1727 tortitudinis
634 1659 716 1746 leges
746 1658 916 1747 impingit,
942 1659 1069 1726 omnino
1090 1661 1210 1746 maius,
1234 1669 1264 1726 et

135 1761 279 1846 iniustus,
305 1759 509 1852 antignotus
538 1771 745 1846 nuncupatur.
773 1760 810 1824 Αι
834 1761 886 1847 qui
910 1760 1059 1827 concinne
1080 1760 1175 1846 canit,
1200 1779 1259 1826 nou

133 1861 260 1931 omnino
282 1863 395 1947 bonus,
420 1865 469 1930 set]
500 1871 606 1929 cantor
630 1863 730 1930 sotum
757 1861 867 1947 bonus,
893 1871 924 1929 ot
938 1862 990 1950 qui
1010 1861 1113 1957 minus
1128 1872 1198 1950 apte
1213 1884 1257 1929 ca·

133 1963 191 2046 nit,
216 1985 279 2032 uon
303 1964 449 2032 contiuuo
479 1965 579 2030 malus
602 1963 784 2050 habebitur,
812 1964 860 2032 sed
885 1967 984 2034 maius
1007 1975 1125 2034 cantor.

176 2067 243 2134 XX.
270 2065 600 2138 riorus—Porunrtt.
627 2067 721 2136 Actus
753 2066 904 2155 significat
928 2068 960 2134 1ο
985 2067 1205 2155 operationem
1229 2091 1255 2135 e.

24 2222 27 2227 .
132 2182 279 2257 g.,aotus
304 2163 483 2257 intciiectuS,
515 2178 545 2236 et
567 2169 704 2238 eiusdem
728 2171 862 2258 operatio
886 2169 965 2236 idern
990 2179 1073 2237 sunt.
1092 2171 1259 2239 Actusboe

135 2292 226 2339 sensu
250 2280 390 2360 aceeptus
411 2277 496 2338 ccttu
517 2271 675 2357 secundm,
706 2279 742 2336 υι
765 2291 836 2337 moa
861 2267 1007 2355 dicemus,
1026 2271 1167 2359 appellari
1185 2293 1257 2340 con-

133 2372 242 2458 suevit,
266 2375 353 2462 cique
377 2373 542 2463 opponitur
565 2373 723 2460 potentia,
749 2395 801 2440 seu
828 2372 963 2458 facultas,
988 2385 1133 2458 quaeest
1158 2374 1257 2461 proxi-

134 2496 220 2542 ntum
246 2472 445 2563 principium,
471 2497 507 2543 ct
530 2476 618 2543 cuius
641 2475 752 2543 virtute
775 2476 909 2565 operatio
933 2475 1123 2561 producitur.
1151 2477 1185 2545 θ’
1211 2477 1254 2544 Si-

134 2576 259 2665 gnificat
281 2579 329 2644 vel
351 2578 393 2664 iti,
417 2578 499 2666 quoti
521 2598 587 2645 rem
603 2577 797 2666 determinat,
823 2599 877 2644 seu
893 2579 1020 2664 perficite
1039 2577 1118 2644 unde
1133 2586 1264 2647 oeteroru-

133 2689 179 2747 est
201 2678 411 2765 determinare,
436 2700 490 2747 seu
514 2675 670 2769 perticere;
695 2701 722 2746 e.
738 2701 786 2766 υ,
811 2678 911 2745 anima
934 2690 980 2747 cst
1002 2688 1087 2747 actus
1104 2682 1252 2769 corporis

134 2768 318 2849 rationalitas
340 2791 387 2848 est
409 2792 494 2849 actus
517 2779 733 2849 animalitatis:
761 2782 806 2847 vel
830 2782 910 2868 quod
939 2803 977 2848 ex
1001 2783 1099 2870 aliqua
1124 2805 1157 2850 re
1179 2785 1252 2852 edu·

133 2880 225 2966 citur,
249 2880 422 2967 cuiusmodi
445 2893 492 2951 cst
518 2881 622 2972 ignis,
647 2881 701 2972 qui
715 2903 759 2967 ‚ex
783 2881 868 2972 ligno
890 2884 1049 2968 evolvitur,
1073 2895 1127 2951 θυι
1151 2886 1249 2973 figura

132 2981 266 3057 Caesaris
289 2982 322 3053 in
345 3005 498 3052 marmore
526 2982 686 3074 insculpta.
705 2984 809 3065 Actus,
826 2983 875 3050 cui
899 2984 972 3051 baec
994 2983 1177 3071 significatio
1200 2992 1252 3055 ati-

131 3080 275 3174 neetitur,
299 3094 425 3155 vocatur
447 3088 532 3154 actos
554 3085 706 3174 ferreolis,
721 3085 809 3174 eique
823 3086 1006 3154 econtrario
1021 3089 1184 3175 respondet
1200 3112 1251 3179 pu-

169 3285 858 3362 ¹)tnttb.tsoul,1)tsr.xn,q.t‚a.t,a‹t
881 3288 907 3344 i.

166 3377 191 3446 2)
208 3383 225 3430 t
245 3376 356 3432 li'aeere
373 3377 479 3430 dieitur
492 3373 520 3430 in
541 3377 653 3432 artibus
671 3376 877 3447 effectrieibns,
893 3377 923 3431 in
934 3376 1037 3446 quibus
1050 3387 1180 3434 retnauct
1194 3395 1252 3451 res,

129 3476 204 3530 qrtrte
222 3460 262 3532 tit,
282 3461 360 3516 utin
380 3459 474 3520 iahriii
494 3467 523 3515 et
547 3460 697 3516 similibus.
719 3451 857 3529 Absoluta
875 3462 951 3516 enim
971 3463 1136 3533 effectione,
1158 3480 1250 3520 reins-

48 3535 51 3540 ’
128 3554 176 3599 net
196 3541 296 3601 iectus.
312 3545 407 3616 Agere
425 3556 521 3601 autern
546 3546 652 3601 dieitur
671 3546 759 3616 iniis,
779 3547 807 3602 iu
827 3548 929 3617 quibus
943 3564 1000 3603 uon
1015 3562 1145 3606 remanet
1164 3568 1248 3621 opus,

128 3629 294 3700 idest'quoti
314 3631 367 3687 init
386 3633 540 3701 effectum,
559 3642 589 3688 υι
607 3633 742 3709 ἰυιίυἰθυ
762 3633 829 3687 tudo
850 3644 878 3689 et
888 3634 1077 3705 saltationet3
1098 3651 1120 3691 s.
1143 3636 1249 3691 Joaun.

129 3715 272 3787 Damaso,
291 3715 428 3786 Dialeon,
459 3731 486 3772 e.
508 3714 554 3772 65.
571 3715 606 3772 tn
624 3733 648 3772 s.
668 3717 847 3774 Ambrosius:
870 3718 1014 3785 enectum
1044 3718 1159 3788 aliquae
1185 3729 1250 3776 sunt

125 3799 152 3850 iu
166 3800 297 3868 eorporis
317 3795 394 3854 motu
414 3837 423 3868 ‚
441 3809 490 3855 θυι
509 3815 580 3856 sono
600 3799 690 3869 noeis,
710 3816 833 3870 qnorum
857 3801 904 3856 nbi
922 3802 1046 3859 cessavit
1065 3814 1179 3871 motus,
1200 3816 1250 3860 θυι

125 3898 225 3950 sonus,
244 3884 311 3937 nihii
331 3887 491 3955 superfuit,
519 3897 568 3942 sut
596 3887 729 3941 remansit
751 3888 964 3956 spectantibus,
985 3896 1034 3942 aut
1054 3889 1247 3946 attuientibus.

125 3967 206 4021 Atiae
223 3968 384 4024 huiusmodi
404 3980 481 4039 sunt,
502 3981 543 4038 ut,
563 3981 694 4026 cessante
713 3963 827 4041 qnoque
841 3971 1015 4041 operationis
1027 3973 1135 4043 otnero,
1151 3977 1251 4044 operis

124 4067 228 4106 rannus
248 4059 406 4124 appareat,
425 4064 456 4109 ut
474 4054 645 4123 aedificatio,
665 4064 751 4125 atque
778 4057 900 4126 factura,
924 4073 998 4126 quae
1016 4059 1113 4128 etiam,
1135 4069 1248 4118 tacente

124 4137 258 4208 artifice,
289 4140 419 4208 peritiam
439 4141 503 4196 eius
520 4144 689 4211 ostendunt,
710 4152 741 4198 ut
765 4144 911 4213 operatori
939 4144 1034 4215 operis
1055 4145 1099 4201 stti
1118 4149 1247 4205 testimo·

125 4219 203 4278 nium
223 4226 417 4298 suffragentur
439 4243 473 4300 »ς
494 4228 651 4301 Heronem,
672 4226 719 4282 tib.
741 4225 766 4300 l,
786 4242 811 4283 c.
832 4227 859 4282 a.
