2760 4770
568 305 613 320 -
634 267 649 335 i
671 305 717 320 -
1070 267 1147 341 ι169

65 389 104 449 ut
126 384 276 451 numerus
298 383 373 452 solis
396 381 576 470 unitatibus,
601 381 674 471 quia
696 382 886 474 separatione
906 388 937 452 et
959 381 1118 472 divisione,
1135 402 1201 469 nou

65 483 291 571 compositione
312 482 509 554 constituitur
532 505 680 554 numerus
703 482 716 524 ¹
744 507 775 553 a.

21 602 24 607 ·
112 582 192 654 xiv.
219 584 254 655 lu
278 584 447 656 araur-lu
471 604 575 657 uncru
598 585 762 656 assu-Iu
776 586 934 672 [comesse
954 584 1068 675 aliquid
1082 585 1194 657 existe·
1300 623 1303 627 >

10 748 12 753 .
67 684 248 771 iudicitur,
272 707 344 755 eum
376 685 437 756 iam
461 707 523 755 esse
545 686 686 776 accepit,
722 698 754 756 et
776 685 844 765 ideo
871 697 958 756 extra
981 709 1105 759 oausam
1128 688 1192 757 oxi-

10 814 15 845 ι
63 785 128 853 stit:
155 787 193 855 Iu
214 789 295 877 fieri,
319 810 392 858 cum
417 791 450 858 iu
472 788 647 880 accipiendo
670 809 733 856 esse
755 787 862 877 incipit
885 789 963 877 sieri,
989 790 1029 859 ita
1053 800 1092 859 ut'
1108 811 1190 860 uon·
1218 810 1223 817 ·

36 920 40 931 ·
62 886 153 975 dum,
178 901 270 976 prout
295 892 354 959 tale
376 912 430 960 cns
454 903 513 980 est,
534 891 656 960 existat.
674 889 714 957 tt.
732 902 780 978 g.'‚
796 900 896 958 statua
911 901 957 960 est
971 892 1005 959 iu
1020 891 1098 981 fieri,
1114 893 1191 960 dum

10 1017 13 1061 r
63 988 174 1057 artifex
197 991 317 1079 lignum
340 992 484 1060 elaborat:
505 992 543 1061 Iar
565 993 644 1078 sueto
659 1011 731 1077 esse,
747 1011 820 1059 cum
837 991 897 1058 ianr
920 1003 1038 1062 statuae
1060 992 1191 1062 sormam

60 1091 271 1180 aceepitflaec
292 1103 394 1162 autem
418 1093 614 1182 intelligendu
633 1103 706 1160 sunt
722 1092 759 1161 de
781 1091 827 1180 iis,
844 1113 921 1181 quae
933 1095 1013 1162 fiunt
1028 1114 1100 1161 eum
1124 1114 1191 1161 mo·

61 1201 111 1279 tu,
125 1193 275 1282 siquidem
300 1194 459 1285 iu-ipsis‚a
484 1195 568 1284 quod
591 1194 626 1261 su
656 1213 719 1261 nou
746 1203 806 1278 est,
830 1191 914 1283 quia,
930 1193 1080 1282 quamdiu
1100 1194 1193 1263 durat

59 1306 177 1385 motus,
202 1297 250 1384 sit,
275 1308 306 1366 et
328 1318 390 1366 nou
413 1308 471 1380 est;
497 1297 620 1388 inipso
647 1305 751 1366 autem
775 1295 907 1365 termino
930 1309 1045 1386 motus,
1070 1297 1189 1388 inquo

58 1398 168 1490 incipit
189 1401 288 1490 quies,
314 1399 372 1468 iam
396 1422 460 1472 nou
483 1399 668 1488 tirannum,
693 1399 747 1470 sed
770 1398 885 1467 iactum
907 1398 982 1467 εεῖ2
1009 1398 1090 1470 a.'E
1114 1417 1189 1471 cou-

59 1501 171 1589 trario,
199 1523 214 1566 c
241 1502 273 1573 iu
295 1501 369 1592 his,
392 1524 470 1591 quae
493 1503 573 1570 tiunt
596 1501 799 1589 sincicum,
825 1497 965 1570 similiter
987 1512 1033 1569 est
1056 1499 1134 1589 fiori,
1157 1509 1191 1571 et

55 1603 175 1672 suctum
198 1625 272 1673 esso.
304 1604 345 1672 tu
368 1604 401 1673 in
424 1606 484 1694 his,
509 1605 592 1694 quod
621 1604 684 1689 fit,
709 1612 767 1690 est,
792 1624 866 1672 cum
888 1602 1000 1672 dieitur
1023 1601 1090 1672 fieri
1114 1602 1126 1642 ³
1153 1623 1186 1687 »ς

55 1705 142 1773 siout
167 1726 182 1770 c
208 1705 300 1776 simul
323 1717 370 1776 est
392 1706 581 1794 illuminari,
604 1715 635 1774 et
657 1706 866 1775 illuminatum
895 1726 959 1776 esse
986 1730 1015 1772 a.
1040 1703 1189 1787 Quocirca

59 1829 75 1871 t
103 1806 216 1877 dieitur
238 1807 271 1876 in
296 1808 407 1878 talibus
431 1808 545 1876 sactum
568 1827 646 1894 esse,
677 1808 848 1876 secundum
869 1807 954 1897 quod
971 1807 1103 1892 taurese
1120 1806 1189 1877 seri

53 1919 175 1998 auteur,
199 1913 369 1980 secuudum
392 1912 476 2000 quod
500 1921 571 1979 ante
594 1931 658 1980 non
681 1910 742 1978 tuit
764 1910 779 1950 ⁴
805 1935 838 1980 a.

104 2011 174 2082 XV.
200 2011 368 2088 lurrutruu
391 2009 1185 2085 crruoounuarrnuu-sruunrnoonnnnrtcuu⁵.

104 2113 187 2185 XVI.
213 2115 383 2186 lurrurruu
408 2135 864 2187 rurvurrvuu-uuorrrruu.
896 2115 1060 2204 Infinitum
1079 2113 1190 2203 privu-

52 2216 160 2284 tivum
181 2228 227 2286 est
250 2219 332 2306 rpuod
355 2224 465 2287 uotum
498 2225 541 2286 est
575 2216 684 2287 tatem
711 2219 828 2307 finem,
863 2225 891 2287 et
913 2237 975 2286 nou
997 2216 1096 2284 habet.
1121 2215 1187 2284 Hoc
1256 2302 1259 2309 Ι

51 2319 153 2388 modo
177 2319 254 2389 ratio
277 2320 392 2409 oafiuiti
414 2322 560 2411 congruit
582 2319 768 2410 quontitati;
803 2319 878 2389 haee
900 2321 1008 2406 enim,
1035 2327 1127 2408 prout
1150 2317 1184 2384 iu

51 2441 162 2487 rerum
188 2433 296 2490 natura
319 2422 444 2511 existit,
481 2424 671 2510 estquidam
700 2423 923 2493 determinata:
950 2431 1007 2509 ast,
1032 2421 1069 2515 εἰ,
1093 2429 1185 2507 prout

49 2521 212 2610 quantitas
228 2534 286 2609 est,
306 2535 423 2592 tautum
450 2537 615 2616 spectetur,
640 2526 762 2592 nultum
788 2525 879 2593 habet
904 2524 1081 2591 terminum.
1107 2522 1183 2610 Iupi-

49 2625 159 2692 au’tom
182 2628 360 2714 nepotioum
397 2640 443 2698 est
468 2630 565 2715 ittuu,
602 2649 618 2695 a
652 2649 715 2717 quo
737 2626 866 2717 quilibet
889 2626 975 2694 times
996 2624 1185 2696 amovendus

50 2738 114 2796 est.
143 2727 229 2795 Unde
253 2729 326 2797 illud
349 2730 462 2799 dicitur
485 2731 640 2799 insmitum
664 2750 730 2800 esse
744 2751 801 2820 per
822 2729 1030 2820 privationem
1052 2727 1184 2818 cumple-

51 2830 160 2913 tioru's,
185 2829 247 2899 sire
269 2833 409 2922 marapleti
430 2854 513 2915 esse;
539 2833 619 2901 istud
639 2855 699 2923 per
717 2835 924 2924 privationem
946 2832 1139 2900 tintitutiottis
1153 2833 1182 2902 ⁶.

101 2931 166 2998 tam
189 2931 346 3002 infinitum
371 2935 470 3023 primu
493 2939 587 3006 modo
603 2946 758 3024 acceptum
776 2936 837 3003 Duo
852 2933 1012 3004 conuenire
1029 2952 1094 3003 nou.
1115 2942 1184 3020 pot-

51 3042 124 3121 est,
151 3043 217 3100 tuna
241 3035 311 3124 quia
338 3037 417 3108 Deus
440 3047 486 3106 est
518 3038 635 3128 absque
661 3037 853 3126 quantitate,
889 3046 956 3104 tum
978 3038 1050 3125 rpuia
1083 3034 1186 3105 omnis

90 3227 115 3292 Ι)
137 3229 249 3286 Cursus
261 3201 351 3304 port,
372 3248 399 3303 p.
421 3232 454 3304 u,
475 3251 502 3305 q.
524 3232 589 3305 XX,
610 3243 667 3291 art.
687 3235 717 3293 3.

87 3313 114 3378 ²)
135 3312 235 3372 Coum.
259 3317 355 3390 Genu,
377 3320 425 3374 tib.
448 3321 478 3391 tt,
499 3335 525 3374 c.
547 3319 594 3391 17,
614 3337 643 3376 n.
665 3318 696 3374 t.

91 3399 115 3471 ³)
136 3402 156 3471 Ι,
175 3420 203 3473 q.
224 3406 307 3475 XLV,
327 3423 355 3462 a.
373 3406 392 3460 2
411 3409 446 3461 ad
467 3405 493 3462 3.
517 3424 529 3462 r
552 3408 581 3461 Iu
603 3405 761 3463 ructatione
778 3406 894 3475 subito,
912 3405 953 3462 ait
971 3404 1058 3462 etiam
1078 3418 1103 3462 s.
1124 3403 1176 3461 Bo·

51 3495 237 3560 carentum,
268 3493 414 3562 estsimnt
435 3494 497 3549 fleri
516 3503 546 3549 ct
563 3493 672 3550 factum
691 3508 755 3550 esso
777 3508 806 3564 η
824 3491 855 3549 tu
872 3492 923 3550 tib.
939 3491 973 3549 iv
992 3492 1085 3562 Sem„
1104 3489 1174 3548 υἱεῖ.

49 3571 100 3638 XI,
122 3589 150 3641 p.
172 3574 194 3643 Ι,
213 3591 241 3630 o.
262 3577 284 3646 Ι,
304 3595 331 3646 q.
350 3576 367 3632 ὅ
388 3579 428 3633 ad
444 3593 513 3649 urp-

89 3656 115 3725 4)
135 3656 164 3726 3,
182 3676 210 3728 q.
231 3660 340 3730 LXXV,
359 3678 387 3717 a.
407 3659 475 3717 7ud
495 3661 524 3716 2.

92 3741 117 3810 ⁵)
139 3743 199 3798 vid.
221 3760 247 3814 p,
266 3745 313 3814 56,
333 3747 380 3802 nbi
399 3748 522 3803 diximus
542 3747 680 3802 infinitum
708 3746 985 3818 coteporemott‘eum
1014 3746 1089 3802 idem
1114 3759 1180 3804 esse

49 3842 89 3885 nc
109 3828 246 3885 iuttuitum
266 3844 353 3889 ectu:
372 3834 711 3904 specutcporemotr’cum,
726 3833 865 3888 infinitum
880 3830 907 3886 in
916 3835 1061 3901 potentio.
1079 3832 1179 3899 Quare

49 3932 76 3977 u.
100 3916 300 3973 Bouureuturn
320 3920 419 3989 iuquit:
442 3933 456 3974 t
477 3921 534 3974 Etsi
555 3920 582 3973 in
603 3919 690 3976 rebus
709 3920 815 3974 creatis
828 3933 885 3973 raon
903 3920 1054 3990 curatiugut
1071 3916 1178 3974 iurent*

50 4008 204 4059 reectum
225 4005 375 4075 inttuitum3
395 4005 535 4076 co'utiugit
556 4015 650 4061 tameo
677 4005 806 4076 reperire
829 4004 970 4059 insanitum
990 4004 1018 4059 iu
1038 4002 1178 4075 potentie,-

49 4088 129 4143 sicut
148 4099 225 4157 putet
244 4091 271 4146 in
292 4098 420 4165 numero
440 4108 490 4162 per
508 4092 727 4162 appositionem,
747 4098 776 4144 et
794 4088 974 4147 incontinua
993 4105 1044 4159 per
1061 4090 1175 4164 divisio·

47 4190 116 4231 ncnr
130 4190 156 4247 »ς
178 4175 205 4231 iu
226 4177 274 4233 lib.
297 4178 319 4232 tt
340 4179 431 4249 Sena,
453 4179 519 4234 Dist.
542 4176 668 4246 XXXIV,
687 4192 714 4231 n.
736 4176 771 4245 tt,
789 4192 817 4246 q.
842 4173 853 4229 l
874 4175 917 4232 od
934 4191 1002 4248 ary.

87 4264 112 4340 ⁶)
133 4266 195 4323 tto.
217 4282 239 4325 s.
260 4266 342 4340 Bou,
362 4267 392 4324 tn
411 4267 460 4326 uu.
481 4267 491 4322 Ι
511 4267 606 4338 Sena,
628 4265 697 4323 nist.
718 4263 813 4336 xutu,
832 4276 861 4324 a.
882 4260 910 4333 l,
927 4280 957 4335 q.
977 4260 988 4318 Ι
1006 4260 1049 4320 ud
1067 4275 1135 4336 aru.
