2760 4770
124 386 224 470 potest
238 429 247 463 ‚
277 374 433 466 qocmodc
453 373 562 442 ortem
576 424 586 458 ‚
602 372 750 461 scholam,
773 375 913 463 domum,
930 375 998 444 ioco
1013 395 1084 447 csse
1106 374 1241 443 dicimus:

124 482 225 573 magis
246 479 449 571 philosophice
477 487 580 546 cutem
601 488 649 548 est
678 476 802 547 interior
835 480 1010 567 superficies
1032 477 1198 547 ambientis
1218 491 1244 544 ct

123 584 309 657 continentis
331 582 479 670 corporis;
512 588 547 650 ut
571 579 595 648 si
617 580 762 668 amphora
790 581 944 652 contineat
965 603 1095 671 aquam,
1123 581 1241 651 interior

126 686 298 777 superficies
320 686 496 776 amphorae,
519 705 597 772 rinae
613 682 749 773 undique
763 701 872 772 aquam
896 684 1021 773 claudit,
1048 686 1165 754 dicitnr
1186 704 1243 755 csse

124 794 210 861 locus
231 811 326 880 equae
342 791 366 860 ¹.

173 894 223 961 vt.
249 893 368 964 Locren
393 909 768 962 nivensrrts-nnrsrcn
794 890 820 958 ².

169 995 234 1066 vti.
259 994 379 1064 Locrcs
402 1011 745 1063 rorensis-rnrsrcn
765 991 790 1058 ⁸.

169 1096 248 1166 Viti.
273 1095 393 1168 Locren
417 1113 804 1165 rnornrnms-rnrsrcn
819 1098 844 1162 ⁴.

167 1197 221 1266 tx.
245 1196 365 1269 Locros
388 1216 984 1269 ventris-nemrorstet-nonanis
1002 1201 1028 1269 ⁵.

166 1299 207 1368 X.
232 1299 408 1371 Locrcn-
423 1298 573 1370 Pnnsrcn.
600 1300 708 1389 Lopice
728 1301 808 1369 idem
841 1312 887 1370 est
909 1322 944 1369 ac
966 1303 1143 1373 secundnm
1166 1322 1242 1372 men-

122 1401 162 1472 tis
183 1399 469 1471 considerationem.
508 1400 637 1488 Ptystae
658 1400 750 1470 idem·
764 1413 811 1471 est
832 1424 867 1470 ac
888 1424 910 1470 o
929 1411 1019 1494 porte
1042 1407 1093 1474 rei
1105 1459 1116 1491 ‚
1140 1426 1197 1474 sen
1215 1426 1243 1477 oc

124 1503 200 1593 ipsa:
230 1525 245 1568 ι
275 1502 408 1591 Logicus
439 1502 611 1573 considerat
645 1501 827 1573 intentiones
861 1514 982 1572 tantum
1001 1557 1008 1572 .
1028 1557 1037 1573 .
1060 1559 1068 1573 .
1094 1505 1241 1575 Naturalis

126 1616 229 1678 eutem
250 1606 423 1677 considerat
445 1626 493 1675 ros
516 1606 684 1676 mundum
706 1628 801 1675 suum
823 1627 890 1677 esse
905 1608 952 1674 ⁶».
969 1607 1073 1687 Quare
1098 1631 1116 1673 r
1145 1629 1241 1676 vernn

125 1719 193 1798 est,
216 1710 301 1800 quod
322 1706 556 1778 considerationi
580 1708 719 1798 physicae
752 1709 865 1799 aliquid
900 1711 1063 1798 respondet
1085 1709 1120 1777 in
1147 1732 1181 1779 rc
1195 1709 1239 1775 ἰ.

123 1812 161 1881 E.
186 1833 234 1901 g„
258 1810 308 1881 hic
330 1811 466 1881 mundus
489 1810 638 1899 ospitem
665 1830 720 1879 ens
744 1812 950 1882 communitor
972 1822 1138 1899 acceptum
1161 1814 1242 1901 topice
1278 1882 1280 1887 ,

121 1926 242 1984 tantum
264 1913 470 1999 existititem,
483 1912 537 2002 qui
560 1923 651 2003 negat
672 1915 863 1982 essentialem
880 1913 1096 2004 proprietatem
1124 1915 1242 1982 alienius
1278 1996 1280 2011 Ι

123 2015 190 2101 roi,
222 2015 351 2084 destruit
373 2015 467 2103 ipsius
488 2016 650 2086 essentiam
674 2036 736 2084 non
760 2016 884 2105 quidem
906 2015 1043 2105 pitpsice,
1068 2018 1124 2087 scd
1150 2018 1240 2105 topice.

168 2119 223 2187 ΧΙ.
248 2117 849 2190 Locren-Pirrsren-Mnrnrnrstcn.
883 2118 1034 2187 dicuntur
1058 2120 1243 2209 potissimum

124 2220 163 2288 de
185 2218 273 2290 variis
295 2221 530 2308 compositorem
559 2221 734 2310 generibus.
763 2221 892 2309 Pitpsioe
914 2223 1128 2312 compositum
1151 2232 1196 2292 est
1215 2222 1243 2288 it·

123 2322 190 2407 lud,
214 2320 298 2410 quod
318 2329 438 2389 constat
459 2342 496 2390 ex
521 2322 656 2412 partibus
680 2343 712 2390 re
735 2321 798 2413 ipse
820 2321 980 2407 distinctis,
1004 2344 1087 2409 qnae
1112 2336 1189 2393 sunt
1207 2322 1243 2389 tel
1277 2369 1280 2397 ³

128 2433 230 2512 partes
251 2423 451 2511 integritates,
475 2425 521 2492 vei
539 2424 683 2514 principia
700 2422 859 2507 naturalia,
878 2434 949 2511 puta
972 2424 1117 2507 materia,
1143 2438 1174 2495 et
1196 2424 1244 2493 ior
1278 2468 1280 2523 fi

124 2548 188 2597 mn.
215 2526 432 2616 Metopitpsioe,
458 2525 547 2612 iilud,
571 2527 654 2616 qnod
676 2526 799 2615 exurgit
821 2547 858 2593 cx
882 2528 1017 2613 potentia
1041 2538 1074 2596 et
1098 2539 1184 2614 actu,
1205 2547 1244 2595 cs·
1278 2530 1280 2537 '

125 2628 221 2698 sentia
243 2639 275 2699 et
297 2628 469 2715 existentia,
494 2637 604 2697 natura
628 2649 663 2697 ac
686 2628 910 2718 personalitate.
929 2629 1050 2718 docies,
1076 2631 1167 2718 quod
1187 2648 1244 2698 coo·

128 2730 213 2799 tescit
235 2752 273 2799 ox
297 2751 420 2819 genere,
444 2741 536 2819 atque
558 2731 739 2801 differentia.
758 2730 845 2818 Eg„
865 2730 960 2799 homo
980 2731 1111 2821 physico
1133 2748 1245 2816 comto
1278 2814 1280 2819 ¹

126 2834 213 2901 nitur
235 2854 274 2902 ex
295 2853 446 2924 corpore,
481 2845 512 2903 et
540 2834 641 2902 anima
665 2833 831 2912 rationali3
855 2833 1061 2922 nsetapitpsioe
1084 2856 1125 2903 ex
1150 2844 1244 2902 nature

126 2935 274 3023 turmam,
298 2946 329 3004 et
351 2934 559 3023 personalitate
567 2957 577 3017 ;
601 2936 695 3025 topice
716 2959 754 3005 cx
778 2936 899 3003 animali
922 2946 954 3003 ct
976 2933 1136 3007 rationali.

172 3036 237 3109 xit.
262 3037 402 3109 Locrcns
425 3057 823 3109 nnscnnsos-nnrsrcos.
851 3036 979 3125 Lopicus
1000 3037 1167 3108 descensos
1186 3046 1243 3121 est,
1278 3094 1280 3099 .

127 3160 199 3207 cnm
223 3137 321 3227 aliqua
350 3136 525 3207 communis
549 3159 606 3208 ron
630 3138 791 3209 resolvitur·
814 3138 843 3207 in
869 3139 976 3222 varias,
998 3159 1079 3226 quas
1103 3138 1244 3230 ampiecti·

128 3250 205 3325 tur,
229 3237 489 3327 significationem
514 3239 561 3307 vei
583 3260 655 3307 cum
678 3260 716 3306 ex
745 3239 964 3309 universalibus
995 3239 1159 3331 principiis
1181 3239 1245 3310 ratio
1278 3246 1280 3251 '

128 3341 267 3411 redditur
287 3338 414 3409 alicuius
436 3340 478 3410 rei
502 3341 714 3433 particularis,
740 3354 830 3431 atque
852 3341 1019 3432 generatim
1042 3362 1120 3410 cnm
1144 3342 1244 3413 intelle

128 3454 197 3513 ctus
219 3443 258 3512 ab
279 3442 432 3514 abstracto
454 3444 492 3513 ad
514 3453 691 3515 concretum
707 3444 853 3532 procedit,
865 3465 926 3535 qua
940 3445 1058 3513 ratione
1083 3444 1245 3515 intellectos

128 3543 239 3614 dicitur
261 3565 452 3636 componens,
476 3546 552 3615 dum
574 3566 592 3615 e
615 3545 769 3617 contrario
785 3548 954 3637 appetatur
968 3544 1138 3636 resolvens,
1153 3552 1243 3635 queto-

169 3797 192 3869 ι)
213 3814 227 3855 ι
247 3798 295 3855 Est
312 3797 396 3855 iocus
413 3798 578 3855 extr-emitas
596 3797 786 3870 continentis,
815 3807 957 3873 qnatenus
980 3801 1115 3863 continet
1133 3805 1162 3861 id
1176 3800 1240 3877 qnod

135 3882 299 3939 continetur
321 3899 347 3953 ¹3
365 3898 390 3939 s.
411 3883 500 3955 Greg.
520 3884 652 3956 Nysaeo,
675 3883 715 3941 De
736 3885 790 3943 An.

172 3967 196 4038 1)
215 3967 278 4023 vid.
298 3983 326 4037 p.
345 3963 455 4038 ott-p
476 3965 536 4021 vid.
557 3967 611 4023 tin.
632 3967 664 4023 P.

166 4055 190 4123 ⁴)
209 4053 273 4109 Vid.
294 4053 346 4111 litt.
366 4054 400 4109 Ρ.
415 4078 451 4095 -
464 4054 487 4125 ⁵)
507 4054 570 4111 Vid.
590 4055 645 4112 titt.
668 4054 704 4110 V.
1116 4102 1120 4111 .

170 4138 193 4205 ⁶)
211 4139 241 4195 S.
260 4138 376 4208 Thom.‚
396 4138 426 4193 iu
445 4138 493 4194 no.
513 4140 523 4195 l
544 4140 637 4212 Seno,
657 4141 727 4219 Dist.
748 4140 824 4210 tint,
844 4158 872 4212 q.
891 4138 928 4211 V,
947 4155 977 4197 a.
996 4139 1015 4196 2
1033 4144 1072 4199 nd
1096 4144 1121 4199 t.

169 4226 193 4293 7)
213 4224 242 4278 8.
262 4220 345 4291 Bon.‚
366 4219 394 4278 in
414 4221 463 4279 tib.
484 4220 506 4277 ll
527 4225 618 4295 serm,
639 4222 708 4281 Dist.
729 4222 826 4297 xvtn,
846 4242 875 4284 a.
896 4226 918 4299 1,
937 4243 965 4298 q.
986 4224 1151 4301 desdorp.
