2760 4770
509 801 720 875 estete

104 1015 129 1087 t.
152 1017 323 1092 Surrnnrrs
345 1042 405 1093 ssr
429 1043 605 1094 ouuruuue.
633 1021 781 1112 Equidem
814 1020 933 1111 siquis
953 1021 1082 1088 domum
1104 1017 1180 1087 bene

51 1119 230 1190 ordinatam
253 1120 393 1214 intraret,
418 1145 457 1194 ex
480 1124 544 1214 ipse
567 1124 759 1194 ordinatione
780 1124 906 1214 demus,
929 1121 1114 1192 ordinatoris
1136 1140 1183 1189 se·

51 1224 201 1313 pientiam
223 1223 393 1315 colligeret:
423 1250 438 1292 r
464 1227 632 1315 Ordinem,
666 1226 766 1318 inquit
788 1247 815 1296 s.
846 1226 1003 1313 Tuumne,
1039 1221 1182 1313 sapientis

22 1374 26 1379 -
50 1336 117 1396 est.
141 1325 300 1398 Ordinatio
321 1329 403 1399 enim
426 1330 600 1421 aliquorum
625 1330 690 1400 tieri
713 1351 776 1399 nou
802 1341 911 1422 potest,
935 1327 993 1397 nisi
1008 1347 1061 1416 per
1076 1324 1181 1415 cogni·

55 1426 176 1497 tionem
200 1429 386 1501 hebitudinis
408 1443 439 1500 et
462 1431 667 1522 proportionis
690 1431 963 1501 ordinatorum-ed
986 1427 1126 1515 inuicem,
1150 1436 1183 1495 et

55 1528 99 1598 nd
122 1530 235 1620 aliquid
259 1532 360 1621 eitius,
383 1535 467 1623 quod
490 1544 536 1604 est
559 1534 628 1603 diuis
650 1553 770 1620 eorum,
795 1534 872 1602 ordo
899 1532 984 1603 enim
1006 1531 1182 1621 aliquorum

55 1631 100 1701 ed
123 1631 250 1730 invicem
274 1644 322 1705 est
345 1649 468 1725 propter
490 1636 630 1706 ordinem
653 1657 759 1704 eorum
793 1636 831 1704 nd
864 1635 969 1705 finem.
995 1635 1185 1722 Cognoscere
1253 1648 1257 1655 ·

56 1743 164 1804 autem
189 1735 402 1825 habitudines⁹
427 1748 457 1808 et
481 1740 692 1829 proportiones
720 1738 931 1808 ordinatorum
965 1741 1003 1807 ed
1037 1736 1181 1822 invicem,

54 1846 108 1906 est
131 1839 227 1907 soiius
250 1840 392 1910 habentis
417 1843 630 1924 intellectum
656 1842 791 1912 iudicare
823 1853 923 1910 autem
958 1841 996 1910 de
1029 1838 1185 1929 aliquibus

56 1956 116 2028 per
136 1961 260 2010 musam
275 1944 467 2032 altissimam,
485 1945 649 2034 sapientiae
671 1955 729 2027 est;
746 1956 777 2013 et
793 1942 837 2013 sie
850 1954 970 2033 oportet
983 1942 1066 2032 quod
1082 1938 1185 2009 omnis

56 2041 214 2114 ordinatio
237 2066 291 2134 per
313 2048 491 2137 sapientium
514 2049 644 2120 alieuius
667 2047 866 2137 intelligentis
890 2047 955 2116 dut.
987 2045 1076 2113 Unde
1097 2054 1128 2111 et
1151 2040 1185 2108 in

56 2147 245 2218 mechanicis
268 2150 459 2222 ordinatores
474 2152 690 2225 ¹aedificiorum
715 2152 865 2245 sepientes
888 2150 972 2218 iilius
993 2144 1114 2215 artificii
1136 2142 1184 2212 di·

57 2259 179 2317 cuntur
202 2250 215 2291 ¹
241 2273 272 2318 n.
910 2314 914 2321 .

105 2350 144 2424 ΙΙ.
169 2351 344 2425 Secunnun
367 2374 590 2429 connrrtonssr
627 2376 752 2428 eiusne
773 2372 938 2426 nnoxnmn
973 2367 1181 2421 errnnnrrett

59 2471 261 2526 neenssrres
297 2478 360 2528 vnn
392 2479 632 2532 eonrrnenurrs
656 2478 833 2530 nerserus.
858 2457 923 2524 Hoc
945 2463 1018 2523 est:
1047 2453 1184 2520 deense

60 2557 230 2624 necessarie
246 2577 366 2647 semper
381 2562 512 2648 procedit
528 2562 652 2630 effeetus
667 2561 868 2646 necessarius,
884 2578 968 2626 eum⁴
981 2555 1029 2622 dtu
1047 2550 1188 2643 proximo

58 2665 124 2724 est.
147 2656 235 2736 Quod
257 2659 282 2728 si
305 2681 395 2730 oense
418 2684 560 2750 suprema
585 2663 622 2731 sit
648 2659 825 2746 necessarie,
849 2678 938 2726 eausa
971 2655 1108 2747 proxime
1132 2674 1187 2722 uu·

63 2767 129 2827 tem
145 2758 340 2848 eontingens,
356 2773 432 2830 tune
447 2765 574 2832 effeetus
591 2772 690 2854 potest
704 2781 771 2830 esse
784 2758 978 2846 contingens.
1000 2756 1032 2825 id
1049 2755 1189 2845 sequenti

63 2863 208 2950 exemplo
229 2861 361 2932 illustrat
383 2887 409 2934 s.
435 2863 595 2934 Thomas:
624 2887 639 2928 r
664 2861 750 2931 Sient
773 2858 956 2950 germinatio
991 2860 1107 2948 plantae
1140 2866 1188 2927 est

57 2961 251 3052 eontingens
274 2972 398 3053 propter
417 2985 541 3033 causum
565 2963 735 3054 proximem
756 2961 998 3049 contingentem,
1028 2959 1097 3027 lieet
1121 2976 1187 3026 mo·

70 3064 231 3150 russulis,
259 3064 313 3153 qui
335 3079 380 3134 est
402 3088 493 3135 cause
518 3069 626 3157 prima,
657 3068 696 3134 sit
718 3062 904 3134 necessarius
927 3061 952 3128 ².
975 3059 1091 3128 Exinde
1115 3058 1191 3127 ittud

68 3165 163 3235 insert
196 3168 339 3237 laudatus
374 3169 496 3254 Ductor,
520 3170 603 3257 quod
629 3169 696 3238 iicet
727 3166 850 3238 scientie
875 3164 926 3234 Dei
949 3164 987 3234 sit
1010 3161 1190 3247 necessario,

59 3279 176 3337 -tnmen
198 3269 272 3338 seito
294 3291 311 3338 e
335 3270 398 3340 Deo
423 3283 551 3360 possunt
595 3293 662 3344 esse
690 3269 899 3358 contingentia
934 3279 1056 3358 propter
1085 3282 1193 3332 causes

72 3369 228 3459 prosimos
250 3372 462 3461 contingentes
487 3377 511 3444 ³.
641 3373 644 3377 ’

118 3470 169 3543 ttt.
195 3471 323 3544 Sedere
339 3494 384 3560 ru,
401 3494 485 3552 onon
504 3496 564 3545 ner
582 3495 644 3546 esu
666 3496 717 3561 se,
736 3496 829 3546 reios
854 3494 914 3545 ρετ
937 3492 990 3557 so,
1023 3487 1109 3546 ouon
1126 3476 1190 3543 'esr

68 3592 139 3647 feu
164 3594 273 3643 suren.
300 3575 365 3644 Hoc
387 3577 512 3645 edietum
536 3576 732 3666 consequitur
759 3598 796 3645 ex
821 3575 898 3645 iiio:
940 3571 1028 3658 Quod
1060 3577 1103 3638 est
1137 3589 1192 3660 per

64 3675 169 3759 -uttud,
187 3676 345 3746 reducitur
366 3677 513 3766 edittae,
529 3677 610 3767 qued
631 3686 675 3746 est
696 3697 754 3768 per
774 3699 817 3766 se,
829 3685 993 3766 tamquam
1008 3675 1042 3741 ie
1056 3672 1148 3763 prior
1163 3672 1190 3737 ⁴.

120 3777 170 3846 tt.
196 3777 324 3848 Seuere
348 3800 394 3865 ru,
410 3799 494 3857 ouou
512 3802 656 3853 seuerus
681 3802 723 3851 uo
740 3800 906 3868 neri-insu,
926 3798 989 3849 ssr
1004 3792 1193 3845 entnorerotr

77 3899 112 3948 tn
136 3898 308 3957 enettner.
335 3879 448 3948 Natura
472 3883 554 3950 eninr
577 3883 799 3975 cuiuscumque
822 3884 885 3967 rei,
909 3901 981 3948 eum
1004 3879 1043 3944 sit
1064 3875 1196 3947 essentie

120 4109 144 4179 ι)
163 4110 247 4167 Com.
268 4109 368 4183 Gom„
387 4110 437 4169 iiie.
458 4111 492 4184 tt,
510 4128 539 4170 e.
558 4111 606 4185 et,
624 4129 654 4170 n.
674 4109 703 4168 ³.

118 4197 146 4267 ²)
165 4195 190 4266 1,
206 4215 235 4267 q.
256 4197 330 4269 xlv,
349 4213 378 4255 e.
400 4196 434 4254 te
452 4201 489 4255 od
511 4199 536 4254 t.
555 4200 590 4256 ci
605 4216 633 4270 ρ.
653 4195 749 4259 teet.

119 4280 143 4353 ³)
166 4282 305 4354 reid-⁴)
324 4286 384 4344 vid.
398 4301 427 4357 ρ.
446 4283 512 4346 299.
645 4290 648 4295 ’
687 4310 692 4321 ·
