2760 4770
102 361 279 433 univocatio
302 381 365 432 non
389 361 508 432 tollitur
523 381 560 432 ex
589 361 762 432 diversitate
778 366 1018 453 suppositorum.
1037 361 1074 434 Ε.
1101 386 1149 454 g,
1174 363 1234 436 hoc

102 485 222 534 nomen
244 464 334 534 tiemo
370 485 432 534 uon
455 465 589 534 sumitur
618 460 777 554 aequivoce
798 486 836 534 ex
859 485 922 554 eo,
946 466 1028 554 quod
1051 465 1250 554 quandoque

102 569 145 636 de
169 567 304 656 Platone,
329 566 513 657 quandoque
536 567 573 636 de
596 564 684 634 Sorte
700 565 901 654 praedicatura
919 566 1129 657 aequivocatio
1151 568 1235 637 enim

103 668 264 762 inducitur
287 692 324 739 ex
347 668 464 739 diversa
484 669 592 756 torma,
608 690 662 739 sou
684 667 813 738 essentia
829 668 998 761 significata
1010 692 1064 760 per
1078 689 1192 739 nomon
1209 668 1234 758 ¹,

106 792 172 840 non
194 782 296 841 autem
320 793 355 841 ex
378 770 553 841 diversitate
575 771 802 862 suppositionis,
887 818 893 825 -

152 873 200 941 iix
223 875 283 943 hoc
303 874 395 942 effato
418 895 444 944 s.
470 873 603 945 Thomas
628 874 719 942 inient
741 894 855 943 nomen
879 873 969 942 torno
991 894 1056 942 non
1079 871 1234 963 praedica-

105 972 133 1043 ri
162 976 323 1064 aequivoce
344 977 383 1046 de
403 975 548 1063 Christo,
573 976 664 1046 etde
685 975 751 1044 atiis
773 975 966 1046 hominibus:
995 997 1010 1041 a
1035 975 1103 1046 Hae
1123 997 1238 1046 nomeu

103 1076 199 1145 homo
220 1077 259 1146 de
280 1077 427 1166 Christo,
461 1087 493 1146 et
513 1079 551 1147 de
571 1077 638 1148 aliis
667 1077 844 1149 hominibus
865 1079 983 1147 dictum
1005 1098 1125 1167 semper
1152 1100 1236 1149 eam·

103 1179 178 1248 dem
203 1178 332 1248 formam
355 1179 519 1271 significat,
543 1181 657 1250 seilicet
679 1193 820 1273 naturam
844 1181 1033 1269 humanam,
1057 1181 1139 1249 unde
1167 1179 1236 1249 uni-

105 1301 183 1351 voce
218 1280 407 1372 praedicatur
438 1283 476 1352 da
497 1281 564 1365 eis;
603 1283 656 1352 sed
678 1281 847 1371 suppositio
882 1291 1002 1351 tantum
1035 1281 1171 1351 variatur
1203 1282 1237 1352 in

104 1381 178 1468 hoa,
204 1383 285 1498 quod
310 1385 480 1452 morandum
499 1385 582 1474 quod
598 1405 652 1474 pro
669 1385 791 1455 Christo
813 1384 961 1472 sumitur,
977 1383 1123 1498 supponit
1138 1381 1236 1476 hypo-

103 1485 213 1555 stasim
230 1484 407 1574 increatam,
429 1488 598 1556 secuudum
622 1507 707 1574 vero,
724 1486 807 1576 quod
830 1507 886 1575 pro
908 1484 972 1558 aliis
994 1485 1140 1576 sumitur,
1163 1509 1236 1580 sup-

103 1588 195 1676 ponit
219 1587 406 1676 hypostasim
428 1587 625 1656 creatam²n

152 1690 233 1758 xvt.
259 1691 488 1763 Drvrsraurms
505 1714 567 1764 usr
583 1710 698 1763 passm
714 1709 946 1770 ouanrrrarrs.
965 1689 1237 1787 Nempedivisibi-

102 1788 209 1861 litas
200 1815 231 1861 m
254 1804 353 1883 partes
376 1794 540 1883 integrales
565 1792 701 1862 eiusdem
737 1791 886 1878 rationis,
921 1806 1055 1881 quarum
1084 1791 1237 1882 quaelibet

103 1892 172 1964 sine
197 1895 322 1984 reliqua,
345 1895 443 1967 diviso
467 1906 541 1982 toto,
566 1915 605 1964 ex
625 1916 658 1965 se
678 1915 745 1966 esse
761 1901 871 1982 potest,
888 1904 931 1961 est
954 1894 1132 1983 proprietas,
1156 1916 1237 1985 quae

102 1997 211 2086 primo
232 2008 264 2066 et
285 1997 483 2065 essentialiter
506 1997 636 2086 pertinet
658 1997 696 2065 ad
724 1994 939 2086 quantitatem.
965 1995 1074 2066 Pano
1096 1994 1234 2086 quidem,

103 2098 293 2190 cuicumque
313 2099 395 2168 enim
418 2100 468 2167 illa
492 2097 646 2185 convenit,
663 2097 779 2168 ratione
800 2096 978 2188 quantitatis
1001 2096 1058 2188 ipsi
1081 2099 1234 2186 convenit,

104 2201 259 2292 siquidem
281 2202 344 2291 ipsa
367 2201 511 2289 materia,
541 2201 567 2271 si
590 2202 730 2271 absolute
764 2210 925 2296 spectetur,
961 2199 1088 2271 indivisa
1111 2210 1158 2270 est
1172 2255 1187 2289 ,A
1205 2213 1236 2269 et

104 2304 231 2376 nonnisi
255 2326 275 2373 a
297 2305 465 2394 quantitate
487 2304 584 2391 habet,
608 2305 690 2394 qnoct
710 2303 868 2372 dioictotnr
885 2303 910 2385 ³3
936 2302 1028 2388 unde,
1057 2323 1072 2366 a
1098 2300 1233 2390 separatu

103 2405 279 2497 quantitate
299 2427 317 2475 a
339 2406 518 2494 substantia,
545 2416 683 2476 remanet
709 2405 932 2476 indivisibilis⁴
958 2429 988 2472 a.
1015 2404 1235 2494 &sentiatiten

104 2531 181 2579 uum
201 2531 216 2574 a
233 2508 295 2598 ipsa
316 2510 395 2578 ratio
417 2510 593 2600 quantitatis
622 2509 656 2576 in
677 2507 879 2592 divisibilitate
907 2506 1061 2588 consistit;
1085 2505 1168 2575 unde
1191 2529 1239 2574 ra-

104 2612 152 2682 tio
174 2609 528 2700 quantitatisjuvenitur
550 2608 672 2703 proprie
694 2608 727 2680 iu
758 2609 830 2701 iltis,
860 2629 938 2701 quaa
961 2628 1016 2699 per
1039 2627 1073 2691 se
1094 2605 1237 2679 dividun-

105 2714 190 2784 tur⁵
218 2736 249 2786 u.

149 3901 174 3972 q
193 3900 256 3956 vro
276 3916 304 3970 p.
325 3897 370 3955 u.

145 3990 171 4058 ²)
195 3975 292 4043 Contr.
315 3986 411 4056 (tent,
431 3981 480 4040 lib.
500 3982 584 4054 1V,e
588 3981 661 4039 49.

146 4059 760 4143 )1ηιιι>1νεεηι,υῑει.Χυ,ημε.
787 4059 1028 4130 t,sot³sut.

143 4160 170 4228 ⁴)
190 4155 221 4211 tu
240 4154 288 4212 tib.
309 4153 445 4223 tisana,
465 4154 534 4210 Dist.
556 4153 602 4221 tn,
622 4168 650 4224 q.
673 4146 700 4220 l,
722 4165 750 4206 a.
771 4147 864 4205 isat.

147 4245 172 4320 ⁵)
192 4244 225 4302 tn
241 4241 292 4302 tib.
313 4238 324 4297 i
352 4241 445 4315 Sena,
465 4239 535 4300 nist.
556 4235 635 4313 XIX,
653 4253 681 4310 q.
704 4234 733 4312 i,
753 4250 781 4293 a.
803 4231 816 4289 1
838 4232 874 4292 uu
895 4231 923 4292 t.
