2760 4770
112 384 283 478 ‘prii'ssima
300 388 419 480 find,
405 407 440 458 m
461 409 521 479 qno
542 395 584 456 est
606 395 713 458 ειαιεεε·
735 383 786 457 alii
808 384 887 458 fines
911 397 984 457 sunt
1005 381 1081 478 pnes
1103 386 1157 460 nid
1171 387 1244 476 fine,

122 500 155 558 et
180 491 299 582 proprie
321 490 466 562 dicuutur
487 492 661 562 ruminet

180 592 230 659 Vl.
255 592 343 665 Finis
367 595 566 673 ouo-Frnrs
591 593 822 666 eurus-Frnrs
837 611 903 664 eor.
920 592 1006 665 Finis
1021 595 1250 709 celenderum

126 695 214 763 enias
233 697 346 786 pretiis,
364 694 424 787 qui
446 694 555 765 dieitur
577 695 670 765 etiam
693 696 837 784 εειεειεε,
854 695 901 765 rel
923 697 1095 786 ntentans,
1112 707 1158 767 est
1182 696 1255 787 ipsa·

127 817 199 886 res,
225 800 256 867 in
279 822 339 890 qua
362 800 441 870 ratio
465 801 540 871 honi
563 799 736 888 iuvenitur,
759 821 897 891 quaeque
933 803 1058 892 proinde
1080 802 1242 893 appetitor.

125 897 309 971 Huiusmodi
346 912 393 971 est
416 899 527 972 sanitas
550 912 688 991 respectu
711 900 848 991 insumi,
886 914 918 972 et
941 900 1068 993 pecunia
1100 917 1246 994 ‘respectu

122 1003 230 1074 ararit
246 1004 330 1074 Finis
351 1027 422 1094 prro,
446 1003 508 1074 sire
528 1005 669 1094 interior,
694 1005 740 1073 rel
763 1004 904 1091 fomentis
924 1016 972 1076 εει
995 1027 1082 1095 usus,
1099 1007 1162 1076 sire
1176 1005 1246 1073 ade·

119 1107 189 1196 ptio
211 1106 281 1176 linis
303 1107 451 1196 obedivi,
475 1117 548 1198 puta
572 1106 721 1197 possessio
743 1109 899 1199 pecuniae3
915 1120 947 1178 et
961 1109 1075 1178 dicitur
1088 1130 1160 1199 qno,
1176 1106 1248 1196 quia

120 1218 172 1277 est
193 1206 281 1298 illud,
305 1231 369 1300 qno
391 1210 581 1300 possidemus
603 1232 681 1300 rem,
697 1232 775 1301 quae
796 1211 962 1301 appetenda
986 1204 1140 1282 obiicitur.
1166 1209 1246 1281 lline

119 1309 252 1380 ultimus
274 1312 344 1383 duis
366 1315 453 1383 cuins
475 1323 521 1384 est
542 1313 718 1385 communis
740 1312 871 1402 homini,
895 1324 985 1405 atque
999 1313 1064 1383 aliis
1077 1311 1244 1401 creaturis,

119 1410 193 1500 quia
216 1414 365 1485 deusest
388 1413 519 1486 ultimus
542 1413 612 1486 linis
633 1414 789 1503 hominis,
813 1426 845 1485 et
867 1414 1009 1484 omnium
1031 1412 1172 1501 aliarum
1195 1434 1245 1483 re·

121 1535 207 1583 rum.>
234 1515 268 1585 ln
291 1517 354 1586 fine
375 1519 560 1606 notamque
582 1536 643 1586 non
666 1509 855 1586 conveniunt
875 1517 1028 1605 homiues,
1045 1529 1076 1587 et
1090 1527 1247 1585 creaturae

122 1617 243 1688 ratione
265 1631 415 1709 carentes,
440 1640 523 1708 nam,
547 1630 583 1687 nt
604 1619 695 1688 aits.
720 1619 868 1708 Thomas,
896 1622 1025 1689 rhomo
1047 1630 1079 1716 et
1101 1617 1177 1687 aliae
1199 1636 1248 1684 ra-

93 1808 97 1813 ι
121 1717 253 1790 tionnles
274 1731 430 1792 creaturae
452 1731 683 1811 consequuntur
696 1721 841 1790 ultimum
859 1723 966 1809 finem,
984 1718 1197 1811 cognoscepdo
1216 1727 1249 1786 ct

120 1816 1248 1915 mmmmmmwmmffimmfflmffl

122 1937 254 1995 seunttar
278 1929 422 1997 ultimum
451 1931 568 2018 linem,
593 1931 763 1999 secuudum
796 1931 879 2020 quod
903 1929 1080 2019 participant
1112 1925 1247 2015 aliquam

121 2025 355 2099 similitudinem
379 2031 445 2120 Det,
469 2042 621 2123 quaoeuns
643 2052 753 2120 nempe
775 2041 861 2120 suut,
885 2033 932 2100 vel
958 2031 1075 2119 vivunt,
1094 2027 1246 2098 ueletiam

121 2141 317 2222 cognoscunt
340 2131 353 2172 ‘
381 2157 411 2201 n.
437 2132 574 2223 lienique
595 2134 666 2223 finis
688 2135 739 2204 cni
760 2142 807 2204 est
836 2131 1029 2220 subiectum,
1054 2130 1104 2200 cni
1128 2132 1246 2200 bonum

123 2234 277 2326 trolumns
300 2254 328 2306 e.
355 2256 402 2324 g„
427 2236 568 2305 infirmus
591 2247 638 2305 εει
658 2237 740 2323 finis,
765 2236 817 2306 cni
839 2237 937 2306 lectur
960 2235 1089 2304 intentio
1112 2228 1246 2316 medici,

122 2335 175 2405 hic
198 2337 282 2407 enim
305 2338 435 2409 intendit
458 2339 618 2409 sanitatem
645 2351 800 2431 tamqnam
822 2338 935 2408 bonnm
959 2338 1186 2417 infirmo.'Qna
1209 2334 1241 2404 in

123 2457 164 2506 ro
179 2439 257 2506 illud
280 2452 411 2535 praestat
432 2443 601 2529 adnotare,
624 2442 708 2532 quod
730 2462 803 2511 eum
827 2442 924 2510 Deum
944 2442 1028 2510 nobo
1048 2439 1245 2531 appetimus,
1351 2453 1353 2456 ’

123 2558 183 2607 nos
205 2559 269 2608 nnn
293 2561 402 2613 sumus
423 2544 553 2613 ultimus
575 2543 646 2613 finis
667 2544 785 2631 cui‚sed
801 2542 881 2612 [leus
903 2542 1021 2633 ipse5si
1043 2541 1126 2611 euim
1149 2539 1247 2609 lleum

122 2659 263 2709 amamus
284 2643 380 2730 ιιειίε,
404 2654 450 2713 εει
472 2655 596 2736 propter
617 2645 728 2732 Deum,
741 2643 794 2734 qui
818 2646 886 2714 vult
908 2663 925 2713 a
947 2644 1038 2715 nobis
1058 2642 1145 2734 diligi
1169 2650 1246 2711 tam·

123 2765 217 2834 quam
242 2744 349 2815 ultima
374 2760 479 2819 nostra
503 2748 657 2840 perfectio,
681 2759 712 2817 et
734 2747 896 2838 possessio.
988 2790 991 2795 ·

172 2846 235 2915 llll.
262 2849 711 2940 donna—Fruunn-Fipurn
732 2850 853 2920 dnobus
869 2849 943 2919 ulere
965 2849 1066 2918 modis
1088 2845 1244 2927 sumitur:¹

126 2949 158 3016 l·
183 2970 294 3037 proea
317 2954 460 3042 qualitate
475 3003 492 3040 ,-
508 2951 641 3043 quaein
663 2952 749 3021 omni
772 2949 940 3040 quantitate
962 2948 1174 3019 mathematica
1197 2967 1245 3016 re·

125 3054 254 3143 peritur,
278 3066 369 3145 atque
390 3054 513 3145 exurgit
534 3056 574 3123 ab
595 3065 722 3124 externo
746 3053 789 3122 rei
813 3050 959 3141 termino,
982 3052 1035 3144 qni
1059 3071 1128 3120 eam
1151 3058 1245 3118 meta·

127 3163 190 3240 tur,
214 3165 245 3224 et
266 3155 501 3225 circumscribit.
526 3156 600 3226 lude
621 3176 671 3225 res
691 3154 837 3224 dicuutur
858 3173 979 3240 curvae,
993 3153 1168 3242 quadratae,
1192 3158 1247 3241 aut

122 3255 338 3346 alinquodam
361 3258 455 3329 modo
478 3259 640 3350 figuratae.
666 3257 699 3328 ι’
722 3255 783 3326 Pro
807 3252 850 3325 rei
874 3254 1004 3326 alieuius
1026 3254 1184 3345 imagine,
1209 3261 1248 3335 ut

121 3379 198 3427 eum
221 3358 354 3431 dicimus
376 3361 512 3430 Caesaris
535 3360 667 3450 figuram
689 3379 755 3430 esse
777 3359 809 3428 in
832 3357 954 3427 tabella.
979 3356 1019 3427 Et
1038 3355 1187 3448 qnoniam
1208 3356 1250 3444 fis

123 3483 209 3551 puro
237 3463 296 3531 hoe
319 3465 411 3532 modo
444 3472 564 3550 accepta
586 3460 680 3531 veluti
713 3463 839 3551 signnm
870 3458 1143 3549 cointelligitur,
1178 3457 1248 3544 ideo,

127 3578 144 3627 ἐ
171 3566 353 3633 translatum
377 3572 423 3634 εει
443 3583 557 3631 nomen
580 3562 710 3652 figurae,
723 3571 759 3628 ut
774 3572 905 3650 ponatur
927 3581 984 3662 pro
1007 3559 1142 3650 (polibat
1157 3557 1248 3648 signo

120 3665 211 3755 quod
235 3665 406 3736 instituitur
427 3665 463 3734 ad
486 3663 598 3753 aliquid
615 3663 851 3755 significandum
867 3665 1041 3734 secundnm
1055 3662 1248 3732 assimilatio-

121 3788 200 3841 nem
224 3770 262 3839 ad
285 3768 369 3838 aliud
393 3768 404 3809 ³
424 3793 454 3837 n.
480 3769 596 3839 Formo
619 3787 692 3839 nero
714 3766 763 3838 hic
785 3764 933 3856 accipitur
954 3786 1010 3857 pro
1030 3763 1247 3855 cannatina,

163 3988 189 4062 ¹)
209 3988 239 4047 ln
258 3988 307 4046 lib
326 3987 450 4064 lSent,
470 3989 542 4048 Dist.
561 3987 583 4063 l,
602 3988 671 4048 dub.
691 3987 754 4048 XV.

158 4078 187 4144 ²)
209 4075 348 4148 ΗΜ
352 4077 402 4146 .‚l
421 4091 450 4130 a
469 4074 533 4132 8e.

162 4161 188 4236 ³)
211 4161 241 4220 ln
260 4159 310 4220 lib.
331 4160 477 4236 insert,
498 4161 566 4220 Dist
586 4158 713 4233 Xv1,q.
733 4156 768 4233 ll,
787 4173 817 4218 a.
837 4147 956 4219 ladl.
