<?xml version="1.0" encoding="UTF-8"?>
<!DOCTYPE html PUBLIC "-//W3C//DTD XHTML 1.0 Transitional//EN"
    "http://www.w3.org/TR/xhtml1/DTD/xhtml1-transitional.dtd">
<html xmlns="http://www.w3.org/1999/xhtml" xml:lang="en" lang="en">
 <head>
  <title>
</title>
<meta http-equiv="Content-Type" content="text/html;charset=utf-8" />
  <meta name='ocr-system' content='tesseract 3.04.00' />
  <meta name='ocr-capabilities' content='ocr_page ocr_carea ocr_par ocr_line ocrx_word'/>
</head>
<body>
  <div class='ocr_page' id='page_1' title='image "./lexiconperipate00signgoog/lexiconperipate00signgoog_0090.png"; bbox 0 0 2760 4770; ppageno 0'>
   <div class='ocr_carea' id='block_1_1' title="bbox 83 369 1273 3730">
    <p class='ocr_par' dir='ltr' id='par_1_1' title="bbox 83 369 1273 3417">
     <span class='ocr_line' id='line_1_1' title="bbox 128 369 1258 461; baseline 0.002 -25"><span class='ocrx_word' id='word_1_1' title='bbox 128 380 178 436; x_wconf 79' lang='grc'><strong>99</strong></span> <span class='ocrx_word' id='word_1_2' title='bbox 202 381 281 437; x_wconf 81' lang='lat' dir='ltr'><strong>inan</strong></span> <span class='ocrx_word' id='word_1_3' title='bbox 303 383 346 439; x_wconf 80' lang='lat' dir='ltr'><strong>nr</strong></span> <span class='ocrx_word' id='word_1_4' title='bbox 369 378 478 441; x_wconf 80' lang='lat' dir='ltr'><strong>soona</strong></span> <span class='ocrx_word' id='word_1_5' title='bbox 499 384 652 442; x_wconf 80' lang='lat' dir='ltr'><strong>rabenna</strong></span> <span class='ocrx_word' id='word_1_6' title='bbox 671 387 842 447; x_wconf 82' lang='lat' dir='ltr'><strong>nnooanm</strong></span> <span class='ocrx_word' id='word_1_7' title='bbox 858 369 1055 445; x_wconf 83' lang='lat' dir='ltr'><strong>tnrnranr¹.</strong></span> <span class='ocrx_word' id='word_1_8' title='bbox 1073 369 1197 459; x_wconf 76' lang='lat' dir='ltr'><strong>Eidem</strong></span> <span class='ocrx_word' id='word_1_9' title='bbox 1199 370 1258 461; x_wconf 74' lang='lat' dir='ltr'><strong>sel-</strong></span> 
     </span>
     <span class='ocr_line' id='line_1_2' title="bbox 130 462 1273 564; baseline 0.009 -33"><span class='ocrx_word' id='word_1_10' title='bbox 130 462 205 535; x_wconf 87' lang='lat' dir='ltr'><strong>lieet</strong></span> <span class='ocrx_word' id='word_1_11' title='bbox 224 468 446 541; x_wconf 73' lang='lat' dir='ltr'><strong>,subiecto</strong></span> <span class='ocrx_word' id='word_1_12' title='bbox 383 468 538 560; x_wconf 57' lang='lat' dir='ltr'><strong>suptilem</strong></span> <span class='ocrx_word' id='word_1_13' title='bbox 558 479 589 540; x_wconf 88' lang='lat' dir='ltr'><strong>et</strong></span> <span class='ocrx_word' id='word_1_14' title='bbox 615 469 905 550; x_wconf 78' lang='lat' dir='ltr'><strong>incommunicabili.</strong></span> <span class='ocrx_word' id='word_1_15' title='bbox 941 471 1060 543; x_wconf 77' lang='lat' dir='ltr'><strong>Dicitur</strong></span> <span class='ocrx_word' id='word_1_16' title='bbox 1081 473 1231 564; x_wconf 77' lang='lat' dir='ltr'><strong>einpulmi</strong></span> <span class='ocrx_word' id='word_1_17' title='bbox 1247 472 1273 559; x_wconf 17' lang='grc' dir='ltr'><strong>,Χ</strong></span> 
     </span>
     <span class='ocr_line' id='line_1_3' title="bbox 129 567 1262 663; baseline 0.005 -24"><span class='ocrx_word' id='word_1_18' title='bbox 129 567 211 656; x_wconf 75' lang='lat' dir='ltr'><strong>qun</strong></span> <span class='ocrx_word' id='word_1_19' title='bbox 232 581 315 641; x_wconf 85' lang='lat' dir='ltr'><strong>reale</strong></span> <span class='ocrx_word' id='word_1_20' title='bbox 336 578 465 659; x_wconf 79' lang='lat' dir='ltr'><strong>possunt</strong></span> <span class='ocrx_word' id='word_1_21' title='bbox 487 569 628 662; x_wconf 86' lang='lat' dir='ltr'><strong>opposita</strong></span> <span class='ocrx_word' id='word_1_22' title='bbox 650 571 776 642; x_wconf 78' lang='lat' dir='ltr'><strong>attribui</strong></span> <span class='ocrx_word' id='word_1_23' title='bbox 798 570 924 651; x_wconf 82' lang='lat' dir='ltr'><strong>dirersis</strong></span> <span class='ocrx_word' id='word_1_24' title='bbox 945 574 1115 663; x_wconf 80' lang='lat' dir='ltr'><strong>subiectis,</strong></span> <span class='ocrx_word' id='word_1_25' title='bbox 1139 584 1175 642; x_wconf 88' lang='lat' dir='ltr'><strong>ut</strong></span> <span class='ocrx_word' id='word_1_26' title='bbox 1196 594 1262 651; x_wconf 82' lang='lat' dir='ltr'><strong>esso</strong></span> 
     </span>
     <span class='ocr_line' id='line_1_4' title="bbox 83 671 1256 788; baseline 0.003 -47"><span class='ocrx_word' id='word_1_27' title='bbox 83 682 90 693; x_wconf 83' lang='lat'><strong>·</strong></span> <span class='ocrx_word' id='word_1_28' title='bbox 130 671 240 751; x_wconf 81' lang='lat' dir='ltr'><strong>elbum</strong></span> <span class='ocrx_word' id='word_1_29' title='bbox 264 672 396 755; x_wconf 79' lang='lat' dir='ltr'><strong>bomini,</strong></span> <span class='ocrx_word' id='word_1_30' title='bbox 420 683 452 743; x_wconf 90' lang='lat' dir='ltr'><strong>el</strong></span> <span class='ocrx_word' id='word_1_31' title='bbox 473 693 538 748; x_wconf 86' lang='lat' dir='ltr'><strong>esse</strong></span> <span class='ocrx_word' id='word_1_32' title='bbox 559 672 688 788; x_wconf 79' lang='lat' dir='ltr'><strong>nigrum</strong></span> <span class='ocrx_word' id='word_1_33' title='bbox 708 694 815 761; x_wconf 81' lang='lat' dir='ltr'><strong>corvo,</strong></span> <span class='ocrx_word' id='word_1_34' title='bbox 836 684 891 742; x_wconf 87' lang='lat' dir='ltr'><strong>aut</strong></span> <span class='ocrx_word' id='word_1_35' title='bbox 905 673 1003 745; x_wconf 83' lang='lat' dir='ltr'><strong>sidem</strong></span> <span class='ocrx_word' id='word_1_36' title='bbox 1019 676 1156 747; x_wconf 84' lang='lat' dir='ltr'><strong>subiecto</strong></span> <span class='ocrx_word' id='word_1_37' title='bbox 1170 696 1256 745; x_wconf 83' lang='lat' dir='ltr'><strong>oom-</strong></span> 
     </span>
     <span class='ocr_line' id='line_1_5' title="bbox 132 773 1262 868; baseline -0.002 -18"><span class='ocrx_word' id='word_1_38' title='bbox 132 773 239 862; x_wconf 75' lang='lat' dir='ltr'><strong>nmui,</strong></span> <span class='ocrx_word' id='word_1_39' title='bbox 250 787 291 849; x_wconf 87' lang='lat' dir='ltr'><strong>ut</strong></span> <span class='ocrx_word' id='word_1_40' title='bbox 312 775 431 846; x_wconf 91' lang='lat' dir='ltr'><strong>homini</strong></span> <span class='ocrx_word' id='word_1_41' title='bbox 453 796 520 846; x_wconf 89' lang='lat' dir='ltr'><strong>esse</strong></span> <span class='ocrx_word' id='word_1_42' title='bbox 541 775 677 847; x_wconf 88' lang='lat' dir='ltr'><strong>album</strong></span> <span class='ocrx_word' id='word_1_43' title='bbox 670 796 716 847; x_wconf 91' lang='lat' dir='ltr'><strong>m</strong></span> <span class='ocrx_word' id='word_1_44' title='bbox 727 774 828 862; x_wconf 86' lang='lat' dir='ltr'><strong>Petro,</strong></span> <span class='ocrx_word' id='word_1_45' title='bbox 843 783 874 843; x_wconf 90' lang='lat' dir='ltr'><strong>et</strong></span> <span class='ocrx_word' id='word_1_46' title='bbox 894 795 961 848; x_wconf 87' lang='lat' dir='ltr'><strong>esse</strong></span> <span class='ocrx_word' id='word_1_47' title='bbox 984 777 1112 868; x_wconf 78' lang='lat' dir='ltr'><strong>nigrum</strong></span> <span class='ocrx_word' id='word_1_48' title='bbox 1136 778 1169 847; x_wconf 92' lang='lat' dir='ltr'><strong>in</strong></span> <span class='ocrx_word' id='word_1_49' title='bbox 1184 776 1262 848; x_wconf 80' lang='lat' dir='ltr'><strong>Pau·</strong></span> 
     </span>
     <span class='ocr_line' id='line_1_6' title="bbox 132 875 1257 975; baseline -0.002 -23"><span class='ocrx_word' id='word_1_50' title='bbox 132 875 181 952; x_wconf 75' lang='lat' dir='ltr'><strong>lo</strong></span> <span class='ocrx_word' id='word_1_51' title='bbox 206 898 227 949; x_wconf 84' lang='grc'><strong>9</strong></span> <span class='ocrx_word' id='word_1_52' title='bbox 249 877 404 975; x_wconf 77' lang='lat' dir='ltr'><strong>Opposita,</strong></span> <span class='ocrx_word' id='word_1_53' title='bbox 427 876 577 968; x_wconf 81' lang='lat' dir='ltr'><strong>inquits.</strong></span> <span class='ocrx_word' id='word_1_54' title='bbox 602 877 826 966; x_wconf 83' lang='lat' dir='ltr'><strong>Bonnrentura,</strong></span> <span class='ocrx_word' id='word_1_55' title='bbox 849 897 914 948; x_wconf 91' lang='lat' dir='ltr'><strong>non</strong></span> <span class='ocrx_word' id='word_1_56' title='bbox 937 889 1067 969; x_wconf 78' lang='lat' dir='ltr'><strong>possunt</strong></span> <span class='ocrx_word' id='word_1_57' title='bbox 1087 902 1118 950; x_wconf 86' lang='lat' dir='ltr'><strong>se</strong></span> <span class='ocrx_word' id='word_1_58' title='bbox 1133 901 1257 975; x_wconf 84' lang='lat' dir='ltr'><strong>eompa-</strong></span> 
     </span>
     <span class='ocr_line' id='line_1_7' title="bbox 132 976 1255 1075; baseline 0.004 -30"><span class='ocrx_word' id='word_1_59' title='bbox 132 976 160 1046; x_wconf 91' lang='lat' dir='ltr'><strong>li</strong></span> <span class='ocrx_word' id='word_1_60' title='bbox 181 979 262 1049; x_wconf 86' lang='lat' dir='ltr'><strong>circa</strong></span> <span class='ocrx_word' id='word_1_61' title='bbox 286 979 425 1064; x_wconf 89' lang='lat' dir='ltr'><strong>idem..</strong></span> <span class='ocrx_word' id='word_1_62' title='bbox 447 1001 608 1068; x_wconf 84' lang='lat' dir='ltr'><strong>.‚verum</strong></span> <span class='ocrx_word' id='word_1_63' title='bbox 632 991 678 1050; x_wconf 90' lang='lat' dir='ltr'><strong>est</strong></span> <span class='ocrx_word' id='word_1_64' title='bbox 699 981 737 1050; x_wconf 91' lang='lat' dir='ltr'><strong>de</strong></span> <span class='ocrx_word' id='word_1_65' title='bbox 758 1002 807 1068; x_wconf 84' lang='lat' dir='ltr'><strong>eo,</strong></span> <span class='ocrx_word' id='word_1_66' title='bbox 830 983 912 1070; x_wconf 89' lang='lat' dir='ltr'><strong>quod</strong></span> <span class='ocrx_word' id='word_1_67' title='bbox 926 992 974 1052; x_wconf 89' lang='lat' dir='ltr'><strong>ost</strong></span> <span class='ocrx_word' id='word_1_68' title='bbox 988 981 1028 1071; x_wconf 77' lang='lat' dir='ltr'><strong>ila</strong></span> <span class='ocrx_word' id='word_1_69' title='bbox 1043 1005 1155 1068; x_wconf 78' lang='lat' dir='ltr'><strong>atrurn,</strong></span> <span class='ocrx_word' id='word_1_70' title='bbox 1170 984 1255 1075; x_wconf 77' lang='lat' dir='ltr'><strong>quoti</strong></span> 
     </span>
     <span class='ocr_line' id='line_1_8' title="bbox 130 1078 1252 1175; baseline -0.005 -18"><span class='ocrx_word' id='word_1_71' title='bbox 130 1078 201 1157; x_wconf 66' lang='lat' dir='ltr'><strong>eills</strong></span> <span class='ocrx_word' id='word_1_72' title='bbox 222 1081 325 1159; x_wconf 81' lang='lat' dir='ltr'><strong>onitas</strong></span> <span class='ocrx_word' id='word_1_73' title='bbox 348 1094 498 1175; x_wconf 79' lang='lat' dir='ltr'><strong>repugnat</strong></span> <span class='ocrx_word' id='word_1_74' title='bbox 518 1081 627 1170; x_wconf 80' lang='lat' dir='ltr'><strong>mallit</strong></span> <span class='ocrx_word' id='word_1_75' title='bbox 613 1081 723 1157; x_wconf 83' lang='lat' dir='ltr'><strong>tudini</strong></span> <span class='ocrx_word' id='word_1_76' title='bbox 748 1082 826 1150; x_wconf 85' lang='lat' dir='ltr'><strong>siout</strong></span> <span class='ocrx_word' id='word_1_77' title='bbox 847 1092 893 1154; x_wconf 86' lang='lat' dir='ltr'><strong>est</strong></span> <span class='ocrx_word' id='word_1_78' title='bbox 916 1105 1016 1152; x_wconf 87' lang='lat' dir='ltr'><strong>unum</strong></span> <span class='ocrx_word' id='word_1_79' title='bbox 1045 1083 1252 1164; x_wconf 74' lang='lat' dir='ltr'><strong>individuum</strong></span> 
     </span>
     <span class='ocr_line' id='line_1_9' title="bbox 130 1181 1249 1281; baseline -0.002 -24"><span class='ocrx_word' id='word_1_80' title='bbox 130 1181 187 1257; x_wconf 74' lang='lat' dir='ltr'><strong>sed</strong></span> <span class='ocrx_word' id='word_1_81' title='bbox 209 1183 249 1258; x_wconf 82' lang='lat' dir='ltr'><strong>de</strong></span> <span class='ocrx_word' id='word_1_82' title='bbox 269 1204 318 1272; x_wconf 80' lang='lat' dir='ltr'><strong>ee,</strong></span> <span class='ocrx_word' id='word_1_83' title='bbox 343 1186 426 1276; x_wconf 69' lang='lat' dir='ltr'><strong>(ruod</strong></span> <span class='ocrx_word' id='word_1_84' title='bbox 447 1196 495 1257; x_wconf 88' lang='lat' dir='ltr'><strong>est</strong></span> <span class='ocrx_word' id='word_1_85' title='bbox 518 1186 558 1255; x_wconf 85' lang='lat' dir='ltr'><strong>ita</strong></span> <span class='ocrx_word' id='word_1_86' title='bbox 580 1205 692 1273; x_wconf 79' lang='lat' dir='ltr'><strong>unum,</strong></span> <span class='ocrx_word' id='word_1_87' title='bbox 707 1185 791 1274; x_wconf 86' lang='lat' dir='ltr'><strong>quod</strong></span> <span class='ocrx_word' id='word_1_88' title='bbox 806 1185 992 1257; x_wconf 79' lang='lat' dir='ltr'><strong>multitudini</strong></span> <span class='ocrx_word' id='word_1_89' title='bbox 1009 1208 1071 1261; x_wconf 89' lang='lat' dir='ltr'><strong>non</strong></span> <span class='ocrx_word' id='word_1_90' title='bbox 1087 1199 1249 1281; x_wconf 74' lang='lat' dir='ltr'><strong>repugnat²</strong></span> 
     </span>
     <span class='ocr_line' id='line_1_10' title="bbox 131 1283 1249 1381; baseline 0.005 -28"><span class='ocrx_word' id='word_1_91' title='bbox 131 1283 200 1363; x_wconf 79' lang='lat' dir='ltr'><strong>imo</strong></span> <span class='ocrx_word' id='word_1_92' title='bbox 222 1297 345 1378; x_wconf 85' lang='lat' dir='ltr'><strong>propter</strong></span> <span class='ocrx_word' id='word_1_93' title='bbox 365 1308 453 1359; x_wconf 83' lang='lat' dir='ltr'><strong>suam</strong></span> <span class='ocrx_word' id='word_1_94' title='bbox 477 1285 708 1377; x_wconf 87' lang='lat' dir='ltr'><strong>possibilitatem</strong></span> <span class='ocrx_word' id='word_1_95' title='bbox 731 1285 864 1356; x_wconf 83' lang='lat' dir='ltr'><strong>admittit</strong></span> <span class='ocrx_word' id='word_1_96' title='bbox 885 1307 1011 1357; x_wconf 89' lang='lat' dir='ltr'><strong>omnem</strong></span> <span class='ocrx_word' id='word_1_97' title='bbox 1033 1288 1249 1381; x_wconf 78' lang='lat' dir='ltr'><strong>diversitatem,</strong></span> 
     </span>
     <span class='ocr_line' id='line_1_11' title="bbox 130 1388 1253 1487; baseline 0.003 -30"><span class='ocrx_word' id='word_1_98' title='bbox 130 1407 199 1463; x_wconf 84' lang='lat' dir='ltr'><strong>nan</strong></span> <span class='ocrx_word' id='word_1_99' title='bbox 220 1388 310 1464; x_wconf 82' lang='lat' dir='ltr'><strong>tabet</strong></span> <span class='ocrx_word' id='word_1_100' title='bbox 333 1391 503 1476; x_wconf 80' lang='lat' dir='ltr'><strong>ueritatem,</strong></span> <span class='ocrx_word' id='word_1_101' title='bbox 529 1392 625 1460; x_wconf 91' lang='lat' dir='ltr'><strong>immo</strong></span> <span class='ocrx_word' id='word_1_102' title='bbox 647 1390 741 1467; x_wconf 85' lang='lat' dir='ltr'><strong>simul</strong></span> <span class='ocrx_word' id='word_1_103' title='bbox 762 1401 793 1459; x_wconf 88' lang='lat' dir='ltr'><strong>et</strong></span> <span class='ocrx_word' id='word_1_104' title='bbox 816 1391 910 1465; x_wconf 84' lang='lat' dir='ltr'><strong>semel</strong></span> <span class='ocrx_word' id='word_1_105' title='bbox 924 1391 1023 1472; x_wconf 83' lang='lat' dir='ltr'><strong>babet</strong></span> <span class='ocrx_word' id='word_1_106' title='bbox 1038 1391 1175 1487; x_wconf 86' lang='lat' dir='ltr'><strong>apposita</strong></span> <span class='ocrx_word' id='word_1_107' title='bbox 1194 1445 1201 1461; x_wconf 94' lang='lat'><strong>.</strong></span> <span class='ocrx_word' id='word_1_108' title='bbox 1219 1445 1253 1465; x_wconf 88' lang='lat'><strong>..</strong></span> 
     </span>
     <span class='ocr_line' id='line_1_12' title="bbox 129 1489 1254 1583; baseline -0.005 -18"><span class='ocrx_word' id='word_1_109' title='bbox 129 1489 174 1565; x_wconf 75' lang='lat' dir='ltr'><strong>nt</strong></span> <span class='ocrx_word' id='word_1_110' title='bbox 195 1491 255 1577; x_wconf 76' lang='lat' dir='ltr'><strong>hoe</strong></span> <span class='ocrx_word' id='word_1_111' title='bbox 278 1501 370 1582; x_wconf 81' lang='lat' dir='ltr'><strong>potet,</strong></span> <span class='ocrx_word' id='word_1_112' title='bbox 395 1494 466 1583; x_wconf 90' lang='lat' dir='ltr'><strong>quia</strong></span> <span class='ocrx_word' id='word_1_113' title='bbox 489 1496 585 1564; x_wconf 84' lang='lat' dir='ltr'><strong>lorma</strong></span> <span class='ocrx_word' id='word_1_114' title='bbox 608 1490 807 1564; x_wconf 88' lang='lat' dir='ltr'><strong>humanitatis</strong></span> <span class='ocrx_word' id='word_1_115' title='bbox 833 1503 880 1563; x_wconf 91' lang='lat' dir='ltr'><strong>est</strong></span> <span class='ocrx_word' id='word_1_116' title='bbox 909 1515 971 1563; x_wconf 90' lang='lat' dir='ltr'><strong>una</strong></span> <span class='ocrx_word' id='word_1_117' title='bbox 996 1494 1111 1569; x_wconf 86' lang='lat' dir='ltr'><strong>unitate</strong></span> <span class='ocrx_word' id='word_1_118' title='bbox 1131 1497 1254 1579; x_wconf 70' lang='lat' dir='ltr'><strong>,unirer-</strong></span> 
     </span>
     <span class='ocr_line' id='line_1_13' title="bbox 127 1591 1252 1686; baseline 0.004 -23"><span class='ocrx_word' id='word_1_119' title='bbox 127 1591 273 1679; x_wconf 70' lang='lat' dir='ltr'><strong>salinas</strong></span> <span class='ocrx_word' id='word_1_120' title='bbox 296 1605 328 1664; x_wconf 87' lang='lat' dir='ltr'><strong>el</strong></span> <span class='ocrx_word' id='word_1_121' title='bbox 352 1595 420 1671; x_wconf 83' lang='lat' dir='ltr'><strong>ideo</strong></span> <span class='ocrx_word' id='word_1_122' title='bbox 442 1595 536 1667; x_wconf 90' lang='lat' dir='ltr'><strong>simul</strong></span> <span class='ocrx_word' id='word_1_123' title='bbox 558 1617 665 1666; x_wconf 87' lang='lat' dir='ltr'><strong>uerum</strong></span> <span class='ocrx_word' id='word_1_124' title='bbox 686 1607 742 1685; x_wconf 80' lang='lat' dir='ltr'><strong>est,</strong></span> <span class='ocrx_word' id='word_1_125' title='bbox 766 1597 850 1684; x_wconf 87' lang='lat' dir='ltr'><strong>quod</strong></span> <span class='ocrx_word' id='word_1_126' title='bbox 877 1599 1059 1683; x_wconf 81' lang='lat' dir='ltr'><strong>esthamo,</strong></span> <span class='ocrx_word' id='word_1_127' title='bbox 1083 1596 1252 1686; x_wconf 71' lang='lat' dir='ltr'><strong>quigene-</strong></span> 
     </span>
     <span class='ocr_line' id='line_1_14' title="bbox 127 1693 1251 1788; baseline -0.004 -18"><span class='ocrx_word' id='word_1_128' title='bbox 127 1706 245 1782; x_wconf 73' lang='lat' dir='ltr'><strong>ratur,</strong></span> <span class='ocrx_word' id='word_1_129' title='bbox 269 1707 302 1768; x_wconf 87' lang='lat' dir='ltr'><strong>el</strong></span> <span class='ocrx_word' id='word_1_130' title='bbox 323 1705 370 1767; x_wconf 89' lang='lat' dir='ltr'><strong>est</strong></span> <span class='ocrx_word' id='word_1_131' title='bbox 391 1699 512 1785; x_wconf 87' lang='lat' dir='ltr'><strong>homo,</strong></span> <span class='ocrx_word' id='word_1_132' title='bbox 536 1695 590 1786; x_wconf 91' lang='lat' dir='ltr'><strong>qni</strong></span> <span class='ocrx_word' id='word_1_133' title='bbox 615 1697 808 1786; x_wconf 81' lang='lat' dir='ltr'><strong>generandus</strong></span> <span class='ocrx_word' id='word_1_134' title='bbox 829 1705 888 1779; x_wconf 88' lang='lat' dir='ltr'><strong>est;</strong></span> <span class='ocrx_word' id='word_1_135' title='bbox 912 1706 944 1765; x_wconf 90' lang='lat' dir='ltr'><strong>et</strong></span> <span class='ocrx_word' id='word_1_136' title='bbox 965 1707 1012 1766; x_wconf 88' lang='lat' dir='ltr'><strong>est</strong></span> <span class='ocrx_word' id='word_1_137' title='bbox 1034 1693 1129 1777; x_wconf 81' lang='lat' dir='ltr'><strong>bomo</strong></span> <span class='ocrx_word' id='word_1_138' title='bbox 1151 1701 1251 1788; x_wconf 78' lang='lat' dir='ltr'><strong>albus,</strong></span> 
     </span>
     <span class='ocr_line' id='line_1_15' title="bbox 126 1797 1252 1897; baseline 0.005 -30"><span class='ocrx_word' id='word_1_139' title='bbox 126 1806 163 1875; x_wconf 80' lang='lat' dir='ltr'><strong>el</strong></span> <span class='ocrx_word' id='word_1_140' title='bbox 185 1806 233 1867; x_wconf 83' lang='lat' dir='ltr'><strong>est</strong></span> <span class='ocrx_word' id='word_1_141' title='bbox 254 1797 350 1877; x_wconf 84' lang='lat' dir='ltr'><strong>bomo</strong></span> <span class='ocrx_word' id='word_1_142' title='bbox 373 1797 487 1890; x_wconf 82' lang='lat' dir='ltr'><strong>niger²</strong></span> <span class='ocrx_word' id='word_1_143' title='bbox 515 1825 545 1872; x_wconf 84' lang='grc'><strong>9.</strong></span> <span class='ocrx_word' id='word_1_144' title='bbox 572 1799 866 1887; x_wconf 77' lang='grc' dir='ltr'>1999999999..9999“99ὺὶἰὶ,</span> <span class='ocrx_word' id='word_1_145' title='bbox 887 1797 958 1886; x_wconf 86' lang='lat' dir='ltr'><strong>quia</strong></span> <span class='ocrx_word' id='word_1_146' title='bbox 975 1798 1052 1868; x_wconf 89' lang='lat' dir='ltr'><strong>nihil</strong></span> <span class='ocrx_word' id='word_1_147' title='bbox 1064 1809 1159 1897; x_wconf 81' lang='lat' dir='ltr'><strong>uetat,</strong></span> <span class='ocrx_word' id='word_1_148' title='bbox 1176 1804 1252 1890; x_wconf 85' lang='lat' dir='ltr'><strong>quin</strong></span> 
     </span>
     <span class='ocr_line' id='line_1_16' title="bbox 125 1900 1252 1988; baseline 0.004 -19"><span class='ocrx_word' id='word_1_149' title='bbox 125 1901 268 1988; x_wconf 84' lang='lat' dir='ltr'><strong>opposita</strong></span> <span class='ocrx_word' id='word_1_150' title='bbox 290 1900 497 1972; x_wconf 78' lang='lat' dir='ltr'><strong>attribuantur</strong></span> <span class='ocrx_word' id='word_1_151' title='bbox 518 1901 615 1971; x_wconf 90' lang='lat' dir='ltr'><strong>eidem</strong></span> <span class='ocrx_word' id='word_1_152' title='bbox 637 1902 717 1988; x_wconf 86' lang='lat' dir='ltr'><strong>uni,</strong></span> <span class='ocrx_word' id='word_1_153' title='bbox 741 1902 794 1970; x_wconf 86' lang='lat' dir='ltr'><strong>sed</strong></span> <span class='ocrx_word' id='word_1_154' title='bbox 818 1900 1091 1985; x_wconf 81' lang='lat' dir='ltr'><strong>ooinmuninabili3</strong></span> <span class='ocrx_word' id='word_1_155' title='bbox 1116 1903 1163 1969; x_wconf 89' lang='lat' dir='ltr'><strong>uti</strong></span> <span class='ocrx_word' id='word_1_156' title='bbox 1185 1914 1252 1979; x_wconf 78' lang='lat' dir='ltr'><strong>esse</strong></span> 
     </span>
     <span class='ocr_line' id='line_1_17' title="bbox 129 2000 1252 2094; baseline 0.003 -23"><span class='ocrx_word' id='word_1_157' title='bbox 129 2000 267 2091; x_wconf 83' lang='lat' dir='ltr'><strong>Patrem,</strong></span> <span class='ocrx_word' id='word_1_158' title='bbox 289 2001 456 2074; x_wconf 70' lang='lat' dir='ltr'><strong>etlilium</strong></span> <span class='ocrx_word' id='word_1_159' title='bbox 479 2003 553 2085; x_wconf 83' lang='lat' dir='ltr'><strong>Deo,</strong></span> <span class='ocrx_word' id='word_1_160' title='bbox 577 2002 723 2091; x_wconf 87' lang='lat' dir='ltr'><strong>quoniam</strong></span> <span class='ocrx_word' id='word_1_161' title='bbox 747 2000 863 2072; x_wconf 86' lang='lat' dir='ltr'><strong>Natura</strong></span> <span class='ocrx_word' id='word_1_162' title='bbox 886 2001 993 2071; x_wconf 82' lang='lat' dir='ltr'><strong>Divina</strong></span> <span class='ocrx_word' id='word_1_163' title='bbox 1015 2013 1061 2070; x_wconf 88' lang='lat' dir='ltr'><strong>est</strong></span> <span class='ocrx_word' id='word_1_164' title='bbox 1091 2024 1152 2072; x_wconf 87' lang='lat' dir='ltr'><strong>una</strong></span> <span class='ocrx_word' id='word_1_165' title='bbox 1181 2006 1252 2094; x_wconf 67' lang='lat' dir='ltr'><strong>qui÷</strong></span> 
     </span>
     <span class='ocr_line' id='line_1_18' title="bbox 127 2098 1251 2196; baseline -0.001 -21"><span class='ocrx_word' id='word_1_166' title='bbox 127 2103 213 2192; x_wconf 78' lang='lat' dir='ltr'><strong>dem,</strong></span> <span class='ocrx_word' id='word_1_167' title='bbox 237 2104 290 2181; x_wconf 79' lang='lat' dir='ltr'><strong>sod</strong></span> <span class='ocrx_word' id='word_1_168' title='bbox 312 2104 576 2177; x_wconf 82' lang='lat' dir='ltr'><strong>communicabilis</strong></span> <span class='ocrx_word' id='word_1_169' title='bbox 600 2103 740 2195; x_wconf 90' lang='lat' dir='ltr'><strong>pluribus</strong></span> <span class='ocrx_word' id='word_1_170' title='bbox 765 2103 918 2175; x_wconf 85' lang='lat' dir='ltr'><strong>Personis.</strong></span> <span class='ocrx_word' id='word_1_171' title='bbox 944 2105 1119 2175; x_wconf 79' lang='lat' dir='ltr'><strong>Secundum</strong></span> <span class='ocrx_word' id='word_1_172' title='bbox 1143 2098 1251 2196; x_wconf 64' lang='lat' dir='ltr'><strong>mem,</strong></span> 
     </span>
     <span class='ocr_line' id='line_1_19' title="bbox 126 2205 1250 2299; baseline -0.005 -16"><span class='ocrx_word' id='word_1_173' title='bbox 126 2227 241 2298; x_wconf 76' lang='lat' dir='ltr'><strong>nempe</strong></span> <span class='ocrx_word' id='word_1_174' title='bbox 263 2209 433 2280; x_wconf 76' lang='grc'>9999991999</span> <span class='ocrx_word' id='word_1_175' title='bbox 455 2211 594 2279; x_wconf 89' lang='lat' dir='ltr'><strong>eamdem</strong></span> <span class='ocrx_word' id='word_1_176' title='bbox 617 2217 745 2298; x_wconf 83' lang='lat' dir='ltr'><strong>partem,</strong></span> <span class='ocrx_word' id='word_1_177' title='bbox 771 2206 848 2276; x_wconf 91' lang='lat' dir='ltr'><strong>nibil</strong></span> <span class='ocrx_word' id='word_1_178' title='bbox 871 2205 953 2279; x_wconf 88' lang='lat' dir='ltr'><strong>enim</strong></span> <span class='ocrx_word' id='word_1_179' title='bbox 976 2206 1102 2294; x_wconf 81' lang='lat' dir='ltr'><strong>obstat,</strong></span> <span class='ocrx_word' id='word_1_180' title='bbox 1126 2208 1250 2299; x_wconf 89' lang='lat' dir='ltr'><strong>quomi-</strong></span> 
     </span>
     <span class='ocr_line' id='line_1_20' title="bbox 126 2307 1247 2403; baseline -0.001 -21"><span class='ocrx_word' id='word_1_181' title='bbox 126 2329 192 2382; x_wconf 82' lang='lat' dir='ltr'><strong>nus</strong></span> <span class='ocrx_word' id='word_1_182' title='bbox 212 2312 350 2403; x_wconf 75' lang='lat' dir='ltr'><strong>opposito</strong></span> <span class='ocrx_word' id='word_1_183' title='bbox 370 2310 469 2392; x_wconf 85' lang='lat' dir='ltr'><strong>eidem</strong></span> <span class='ocrx_word' id='word_1_184' title='bbox 492 2311 667 2381; x_wconf 87' lang='lat' dir='ltr'><strong>tribuantur</strong></span> <span class='ocrx_word' id='word_1_185' title='bbox 688 2308 825 2381; x_wconf 84' lang='lat' dir='ltr'><strong>subiecto</strong></span> <span class='ocrx_word' id='word_1_186' title='bbox 847 2310 1015 2379; x_wconf 86' lang='lat' dir='ltr'><strong>seeundum</strong></span> <span class='ocrx_word' id='word_1_187' title='bbox 1031 2307 1164 2383; x_wconf 76' lang='lat' dir='ltr'><strong>divorsas</strong></span> <span class='ocrx_word' id='word_1_188' title='bbox 1179 2333 1247 2400; x_wconf 90' lang='lat' dir='ltr'><strong>par·</strong></span> 
     </span>
     <span class='ocr_line' id='line_1_21' title="bbox 124 2409 1250 2502; baseline 0 -20"><span class='ocrx_word' id='word_1_189' title='bbox 124 2418 187 2495; x_wconf 69' lang='grc'>9999</span> <span class='ocrx_word' id='word_1_190' title='bbox 210 2423 246 2485; x_wconf 85' lang='lat' dir='ltr'><strong>nt</strong></span> <span class='ocrx_word' id='word_1_191' title='bbox 266 2413 293 2480; x_wconf 93' lang='lat' dir='ltr'><strong>si</strong></span> <span class='ocrx_word' id='word_1_192' title='bbox 316 2410 386 2502; x_wconf 90' lang='lat' dir='ltr'><strong>quis</strong></span> <span class='ocrx_word' id='word_1_193' title='bbox 407 2411 491 2482; x_wconf 86' lang='lat' dir='ltr'><strong>erine</strong></span> <span class='ocrx_word' id='word_1_194' title='bbox 513 2411 637 2501; x_wconf 85' lang='lat' dir='ltr'><strong>quidem</strong></span> <span class='ocrx_word' id='word_1_195' title='bbox 661 2409 772 2495; x_wconf 84' lang='lat' dir='ltr'><strong>ruber,</strong></span> <span class='ocrx_word' id='word_1_196' title='bbox 796 2410 884 2500; x_wconf 83' lang='lat' dir='ltr'><strong>niger</strong></span> <span class='ocrx_word' id='word_1_197' title='bbox 906 2430 960 2480; x_wconf 89' lang='lat' dir='ltr'><strong>ore</strong></span> <span class='ocrx_word' id='word_1_198' title='bbox 982 2409 1033 2492; x_wconf 87' lang='lat' dir='ltr'><strong>sil;</strong></span> <span class='ocrx_word' id='word_1_199' title='bbox 1057 2409 1128 2500; x_wconf 89' lang='lat' dir='ltr'><strong>quia</strong></span> <span class='ocrx_word' id='word_1_200' title='bbox 1150 2411 1250 2483; x_wconf 85' lang='lat' dir='ltr'><strong>direr-</strong></span> 
     </span>
     <span class='ocr_line' id='line_1_22' title="bbox 106 2510 1250 2605; baseline 0.001 -24"><span class='ocrx_word' id='word_1_201' title='bbox 106 2532 181 2587; x_wconf 80' lang='lat' dir='ltr'><strong>sae</strong></span> <span class='ocrx_word' id='word_1_202' title='bbox 202 2513 271 2583; x_wconf 87' lang='lat' dir='ltr'><strong>illae</strong></span> <span class='ocrx_word' id='word_1_203' title='bbox 289 2524 388 2604; x_wconf 88' lang='lat' dir='ltr'><strong>partes</strong></span> <span class='ocrx_word' id='word_1_204' title='bbox 403 2523 560 2603; x_wconf 77' lang='lat' dir='ltr'><strong>nmquam</strong></span> <span class='ocrx_word' id='word_1_205' title='bbox 584 2513 702 2582; x_wconf 83' lang='lat' dir='ltr'><strong>divorsa</strong></span> <span class='ocrx_word' id='word_1_206' title='bbox 726 2510 860 2605; x_wconf 86' lang='lat' dir='ltr'><strong>subiecta</strong></span> <span class='ocrx_word' id='word_1_207' title='bbox 883 2521 1059 2583; x_wconf 80' lang='lat' dir='ltr'><strong>oensentur.</strong></span> <span class='ocrx_word' id='word_1_208' title='bbox 1084 2512 1135 2583; x_wconf 81' lang='lat' dir='ltr'><strong>lo</strong></span> <span class='ocrx_word' id='word_1_209' title='bbox 1154 2513 1250 2604; x_wconf 80' lang='lat' dir='ltr'><strong>idem,</strong></span> 
     </span>
     <span class='ocr_line' id='line_1_23' title="bbox 125 2612 1246 2708; baseline -0.004 -21"><span class='ocrx_word' id='word_1_210' title='bbox 125 2635 240 2708; x_wconf 83' lang='lat' dir='ltr'><strong>nempe</strong></span> <span class='ocrx_word' id='word_1_211' title='bbox 261 2617 367 2686; x_wconf 89' lang='lat' dir='ltr'><strong>eodem</strong></span> <span class='ocrx_word' id='word_1_212' title='bbox 392 2625 553 2706; x_wconf 80' lang='lat' dir='ltr'><strong>respectu,</strong></span> <span class='ocrx_word' id='word_1_213' title='bbox 585 2614 632 2684; x_wconf 87' lang='lat' dir='ltr'><strong>vel</strong></span> <span class='ocrx_word' id='word_1_214' title='bbox 655 2613 686 2682; x_wconf 88' lang='lat' dir='ltr'><strong>in</strong></span> <span class='ocrx_word' id='word_1_215' title='bbox 709 2612 816 2684; x_wconf 91' lang='lat' dir='ltr'><strong>ordine</strong></span> <span class='ocrx_word' id='word_1_216' title='bbox 838 2613 876 2683; x_wconf 86' lang='lat' dir='ltr'><strong>ad</strong></span> <span class='ocrx_word' id='word_1_217' title='bbox 897 2613 1050 2682; x_wconf 55' lang='lat' dir='ltr'><strong>eamdem&gt;</strong></span> <span class='ocrx_word' id='word_1_218' title='bbox 1067 2615 1246 2702; x_wconf 65' lang='lat' dir='ltr'><strong>terminum</strong></span> 
     </span>
     <span class='ocr_line' id='line_1_24' title="bbox 123 2714 1252 2808; baseline -0.003 -18"><span class='ocrx_word' id='word_1_219' title='bbox 123 2716 201 2799; x_wconf 82' lang='lat' dir='ltr'><strong>bino</strong></span> <span class='ocrx_word' id='word_1_220' title='bbox 223 2716 249 2787; x_wconf 93' lang='lat' dir='ltr'><strong>si</strong></span> <span class='ocrx_word' id='word_1_221' title='bbox 270 2716 407 2789; x_wconf 84' lang='lat' dir='ltr'><strong>diversus</strong></span> <span class='ocrx_word' id='word_1_222' title='bbox 429 2718 576 2791; x_wconf 82' lang='lat' dir='ltr'><strong>habeatur·</strong></span> <span class='ocrx_word' id='word_1_223' title='bbox 597 2725 764 2806; x_wconf 82' lang='lat' dir='ltr'><strong>respectus,</strong></span> <span class='ocrx_word' id='word_1_224' title='bbox 789 2715 837 2785; x_wconf 82' lang='lat' dir='ltr'><strong>rel</strong></span> <span class='ocrx_word' id='word_1_225' title='bbox 860 2714 1022 2804; x_wconf 83' lang='lat' dir='ltr'><strong>terminus,</strong></span> <span class='ocrx_word' id='word_1_226' title='bbox 1047 2726 1173 2804; x_wconf 90' lang='lat' dir='ltr'><strong>possunt</strong></span> <span class='ocrx_word' id='word_1_227' title='bbox 1197 2740 1252 2808; x_wconf 78' lang='lat' dir='ltr'><strong>op·</strong></span> 
     </span>
     <span class='ocr_line' id='line_1_25' title="bbox 120 2812 1249 2912; baseline 0.004 -24"><span class='ocrx_word' id='word_1_228' title='bbox 120 2821 226 2912; x_wconf 73' lang='lat' dir='ltr'><strong>poeria</strong></span> <span class='ocrx_word' id='word_1_229' title='bbox 247 2819 285 2890; x_wconf 88' lang='lat' dir='ltr'><strong>de</strong></span> <span class='ocrx_word' id='word_1_230' title='bbox 306 2822 413 2903; x_wconf 87' lang='lat' dir='ltr'><strong>eodem</strong></span> <span class='ocrx_word' id='word_1_231' title='bbox 438 2816 613 2909; x_wconf 82' lang='lat' dir='ltr'><strong>praedicari.</strong></span> <span class='ocrx_word' id='word_1_232' title='bbox 632 2816 676 2886; x_wconf 89' lang='lat' dir='ltr'><strong>lla</strong></span> <span class='ocrx_word' id='word_1_233' title='bbox 691 2824 792 2907; x_wconf 86' lang='lat' dir='ltr'><strong>potest</strong></span> <span class='ocrx_word' id='word_1_234' title='bbox 806 2815 875 2906; x_wconf 87' lang='lat' dir='ltr'><strong>quis</strong></span> <span class='ocrx_word' id='word_1_235' title='bbox 891 2826 975 2909; x_wconf 83' lang='lat' dir='ltr'><strong>pater</strong></span> <span class='ocrx_word' id='word_1_236' title='bbox 998 2825 1029 2887; x_wconf 86' lang='lat' dir='ltr'><strong>el</strong></span> <span class='ocrx_word' id='word_1_237' title='bbox 1051 2816 1134 2889; x_wconf 86' lang='lat' dir='ltr'><strong>filius</strong></span> <span class='ocrx_word' id='word_1_238' title='bbox 1151 2812 1249 2893; x_wconf 75' lang='lat' dir='ltr'><strong>‘simut</strong></span> 
     </span>
     <span class='ocr_line' id='line_1_26' title="bbox 121 2917 1248 3010; baseline 0.001 -18"><span class='ocrx_word' id='word_1_239' title='bbox 121 2939 214 3008; x_wconf 83' lang='lat' dir='ltr'><strong>osse,</strong></span> <span class='ocrx_word' id='word_1_240' title='bbox 238 2930 269 2992; x_wconf 84' lang='lat' dir='ltr'><strong>et</strong></span> <span class='ocrx_word' id='word_1_241' title='bbox 290 2930 389 3010; x_wconf 85' lang='lat' dir='ltr'><strong>potest</strong></span> <span class='ocrx_word' id='word_1_242' title='bbox 411 2920 497 2991; x_wconf 90' lang='lat' dir='ltr'><strong>Plato</strong></span> <span class='ocrx_word' id='word_1_243' title='bbox 519 2918 578 2990; x_wconf 86' lang='lat' dir='ltr'><strong>diei</strong></span> <span class='ocrx_word' id='word_1_244' title='bbox 603 2919 701 2989; x_wconf 90' lang='lat' dir='ltr'><strong>maior</strong></span> <span class='ocrx_word' id='word_1_245' title='bbox 724 2919 870 3002; x_wconf 86' lang='lat' dir='ltr'><strong>Socrate,</strong></span> <span class='ocrx_word' id='word_1_246' title='bbox 894 2929 925 2988; x_wconf 87' lang='lat' dir='ltr'><strong>et</strong></span> <span class='ocrx_word' id='word_1_247' title='bbox 949 2917 1054 2991; x_wconf 89' lang='lat' dir='ltr'><strong>minor</strong></span> <span class='ocrx_word' id='word_1_248' title='bbox 1076 2919 1248 2993; x_wconf 79' lang='lat' dir='ltr'><strong>Aristotele.</strong></span> 
     </span>
     <span class='ocr_line' id='line_1_27' title="bbox 123 3019 1249 3139; baseline 0.005 -48"><span class='ocrx_word' id='word_1_249' title='bbox 123 3024 242 3103; x_wconf 61' lang='lat' dir='ltr'><strong>Mem</strong></span> <span class='ocrx_word' id='word_1_250' title='bbox 264 3030 409 3115; x_wconf 60' lang='lat' dir='ltr'><strong>ternpore</strong></span> <span class='ocrx_word' id='word_1_251' title='bbox 433 3021 505 3139; x_wconf 83' lang='lat' dir='ltr'><strong>quia</strong></span> <span class='ocrx_word' id='word_1_252' title='bbox 527 3021 625 3093; x_wconf 91' lang='lat' dir='ltr'><strong>eidem</strong></span> <span class='ocrx_word' id='word_1_253' title='bbox 649 3030 780 3109; x_wconf 87' lang='lat' dir='ltr'><strong>possunt</strong></span> <span class='ocrx_word' id='word_1_254' title='bbox 807 3019 934 3092; x_wconf 84' lang='lat' dir='ltr'><strong>attribui</strong></span> <span class='ocrx_word' id='word_1_255' title='bbox 962 3021 1101 3111; x_wconf 84' lang='lat' dir='ltr'><strong>opposito</strong></span> <span class='ocrx_word' id='word_1_256' title='bbox 1118 3023 1249 3097; x_wconf 75' lang='lat' dir='ltr'><strong>,diuersis</strong></span> 
     </span>
     <span class='ocr_line' id='line_1_28' title="bbox 122 3122 1249 3218; baseline -0.003 -21"><span class='ocrx_word' id='word_1_257' title='bbox 122 3126 338 3218; x_wconf 75' lang='lat' dir='ltr'><strong>temporibus3</strong></span> <span class='ocrx_word' id='word_1_258' title='bbox 369 3124 413 3195; x_wconf 88' lang='lat' dir='ltr'><strong>sie</strong></span> <span class='ocrx_word' id='word_1_259' title='bbox 434 3126 516 3196; x_wconf 87' lang='lat' dir='ltr'><strong>enim</strong></span> <span class='ocrx_word' id='word_1_260' title='bbox 540 3145 624 3195; x_wconf 85' lang='lat' dir='ltr'><strong>nune</strong></span> <span class='ocrx_word' id='word_1_261' title='bbox 646 3124 754 3194; x_wconf 81' lang='lat' dir='ltr'><strong>Petrus</strong></span> <span class='ocrx_word' id='word_1_262' title='bbox 783 3134 968 3216; x_wconf 88' lang='lat' dir='ltr'><strong>potestesse</strong></span> <span class='ocrx_word' id='word_1_263' title='bbox 992 3122 1156 3212; x_wconf 85' lang='lat' dir='ltr'><strong>indoctus,</strong></span> <span class='ocrx_word' id='word_1_264' title='bbox 1181 3135 1249 3215; x_wconf 78' lang='lat' dir='ltr'><strong>post</strong></span> 
     </span>
     <span class='ocr_line' id='line_1_29' title="bbox 124 3228 602 3318; baseline -0.004 -19"><span class='ocrx_word' id='word_1_265' title='bbox 124 3251 199 3300; x_wconf 85' lang='lat' dir='ltr'><strong>uero</strong></span> <span class='ocrx_word' id='word_1_266' title='bbox 222 3228 339 3318; x_wconf 82' lang='lat' dir='ltr'><strong>aliquot</strong></span> <span class='ocrx_word' id='word_1_267' title='bbox 361 3249 460 3298; x_wconf 87' lang='lat' dir='ltr'><strong>annos</strong></span> <span class='ocrx_word' id='word_1_268' title='bbox 481 3229 602 3299; x_wconf 88' lang='lat' dir='ltr'><strong>doctus</strong></span> 
     </span>
     <span class='ocr_line' id='line_1_30' title="bbox 167 3325 1248 3417; baseline -0.005 -16"><span class='ocrx_word' id='word_1_269' title='bbox 167 3328 249 3401; x_wconf 82' lang='lat' dir='ltr'><strong>linio</strong></span> <span class='ocrx_word' id='word_1_270' title='bbox 270 3339 374 3400; x_wconf 71' lang='lat' dir='ltr'><strong>anum</strong></span> <span class='ocrx_word' id='word_1_271' title='bbox 401 3330 492 3400; x_wconf 83' lang='lat' dir='ltr'><strong>elfato</strong></span> <span class='ocrx_word' id='word_1_272' title='bbox 514 3329 590 3399; x_wconf 91' lang='lat' dir='ltr'><strong>illud</strong></span> <span class='ocrx_word' id='word_1_273' title='bbox 614 3325 787 3401; x_wconf 79' lang='lat' dir='ltr'><strong>Aristotelis</strong></span> <span class='ocrx_word' id='word_1_274' title='bbox 817 3325 945 3399; x_wconf 89' lang='lat' dir='ltr'><strong>minime</strong></span> <span class='ocrx_word' id='word_1_275' title='bbox 967 3327 1248 3417; x_wconf 64' lang='lat' dir='ltr'><strong>adversamini</strong></span> 
     </span>
    </p>

    <p class='ocr_par' dir='ltr' id='par_1_2' title="bbox 121 3432 1247 3730">
     <span class='ocr_line' id='line_1_31' title="bbox 121 3432 1246 3550; baseline -0.006 -42"><span class='ocrx_word' id='word_1_276' title='bbox 121 3438 261 3511; x_wconf 71' lang='lat' dir='ltr'><strong>barim</strong></span> <span class='ocrx_word' id='word_1_277' title='bbox 275 3456 384 3550; x_wconf 78' lang='lat' dir='ltr'><strong>nempe</strong></span> <span class='ocrx_word' id='word_1_278' title='bbox 406 3435 464 3504; x_wconf 86' lang='lat' dir='ltr'><strong>sibi</strong></span> <span class='ocrx_word' id='word_1_279' title='bbox 480 3441 621 3524; x_wconf 72' lang='lat' dir='ltr'><strong>eunome</strong></span> <span class='ocrx_word' id='word_1_280' title='bbox 643 3435 859 3521; x_wconf 79' lang='lat' dir='ltr'><strong>eontrarium,</strong></span> <span class='ocrx_word' id='word_1_281' title='bbox 883 3432 949 3502; x_wconf 89' lang='lat' dir='ltr'><strong>ut</strong></span> <span class='ocrx_word' id='word_1_282' title='bbox 940 3451 1031 3523; x_wconf 81' lang='lat' dir='ltr'><strong>inops</strong></span> <span class='ocrx_word' id='word_1_283' title='bbox 1051 3433 1246 3521; x_wconf 72' lang='lat' dir='ltr'><strong>locupletam,</strong></span> 
     </span>
     <span class='ocr_line' id='line_1_32' title="bbox 121 3530 1247 3624; baseline -0.006 -15"><span class='ocrx_word' id='word_1_284' title='bbox 121 3539 267 3615; x_wconf 83' lang='lat' dir='ltr'><strong>indoctus</strong></span> <span class='ocrx_word' id='word_1_285' title='bbox 289 3536 449 3608; x_wconf 80' lang='lat' dir='ltr'><strong>scientem.</strong></span> <span class='ocrx_word' id='word_1_286' title='bbox 467 3534 606 3624; x_wconf 84' lang='lat' dir='ltr'><strong>Namque</strong></span> <span class='ocrx_word' id='word_1_287' title='bbox 629 3532 804 3605; x_wconf 84' lang='lat' dir='ltr'><strong>Aristoteles</strong></span> <span class='ocrx_word' id='word_1_288' title='bbox 820 3531 850 3605; x_wconf 84' lang='lat' dir='ltr'><strong>id</strong></span> <span class='ocrx_word' id='word_1_289' title='bbox 865 3530 1015 3603; x_wconf 76' lang='lat' dir='ltr'><strong>intellexit</strong></span> <span class='ocrx_word' id='word_1_290' title='bbox 1036 3551 1103 3601; x_wconf 91' lang='lat' dir='ltr'><strong>non</strong></span> <span class='ocrx_word' id='word_1_291' title='bbox 1125 3533 1247 3624; x_wconf 82' lang='lat' dir='ltr'><strong>simpli-</strong></span> 
     </span>
     <span class='ocr_line' id='line_1_33' title="bbox 121 3630 1247 3730; baseline -0.006 -18"><span class='ocrx_word' id='word_1_292' title='bbox 121 3639 286 3730; x_wconf 68' lang='lat' dir='ltr'><strong>eitomsod</strong></span> <span class='ocrx_word' id='word_1_293' title='bbox 307 3631 475 3718; x_wconf 80' lang='lat' dir='ltr'><strong>seeundum</strong></span> <span class='ocrx_word' id='word_1_294' title='bbox 496 3635 584 3726; x_wconf 59' lang='lat' dir='ltr'><strong>quim</strong></span> <span class='ocrx_word' id='word_1_295' title='bbox 607 3654 718 3724; x_wconf 90' lang='lat' dir='ltr'><strong>nempe</strong></span> <span class='ocrx_word' id='word_1_296' title='bbox 738 3631 818 3705; x_wconf 85' lang='lat' dir='ltr'><strong>illud</strong></span> <span class='ocrx_word' id='word_1_297' title='bbox 839 3633 897 3703; x_wconf 88' lang='lat' dir='ltr'><strong>sibi</strong></span> <span class='ocrx_word' id='word_1_298' title='bbox 920 3630 1030 3724; x_wconf 83' lang='lat' dir='ltr'><strong>uoluit,</strong></span> <span class='ocrx_word' id='word_1_299' title='bbox 1055 3633 1247 3723; x_wconf 87' lang='lat' dir='ltr'><strong>contrarium</strong></span> 
     </span>
    </p>
   </div>
   <div class='ocr_carea' id='block_1_2' title="bbox 118 3810 1242 4326">
    <p class='ocr_par' dir='ltr' id='par_1_3' title="bbox 118 3810 1242 4240">
     <span class='ocr_line' id='line_1_34' title="bbox 159 3810 1242 3893; baseline -0.006 -14"><span class='ocrx_word' id='word_1_300' title='bbox 159 3821 186 3893; x_wconf 75' lang='grc' dir='ltr'><strong>Ι)</strong></span> <span class='ocrx_word' id='word_1_301' title='bbox 205 3818 312 3879; x_wconf 77' lang='lat' dir='ltr'><strong>interl</strong></span> <span class='ocrx_word' id='word_1_302' title='bbox 331 3832 389 3875; x_wconf 88' lang='lat' dir='ltr'><strong>non</strong></span> <span class='ocrx_word' id='word_1_303' title='bbox 407 3822 511 3889; x_wconf 86' lang='lat' dir='ltr'><strong>potest,</strong></span> <span class='ocrx_word' id='word_1_304' title='bbox 524 3823 556 3874; x_wconf 89' lang='lat' dir='ltr'><strong>nt</strong></span> <span class='ocrx_word' id='word_1_305' title='bbox 575 3813 723 3872; x_wconf 85' lang='lat' dir='ltr'><strong>contraria</strong></span> <span class='ocrx_word' id='word_1_306' title='bbox 741 3810 827 3871; x_wconf 83' lang='lat' dir='ltr'><strong>simul</strong></span> <span class='ocrx_word' id='word_1_307' title='bbox 846 3812 902 3871; x_wconf 80' lang='lat' dir='ltr'><strong>siut</strong></span> <span class='ocrx_word' id='word_1_308' title='bbox 920 3811 950 3871; x_wconf 87' lang='lat' dir='ltr'><strong>in</strong></span> <span class='ocrx_word' id='word_1_309' title='bbox 969 3810 1121 3871; x_wconf 81' lang='lat' dir='ltr'><strong>indiuiduis</strong></span> <span class='ocrx_word' id='word_1_310' title='bbox 1132 3827 1242 3873; x_wconf 82' lang='grc'>9999999-</span> 
     </span>
     <span class='ocr_line' id='line_1_35' title="bbox 118 3898 1240 3976; baseline -0.008 -10"><span class='ocrx_word' id='word_1_311' title='bbox 118 3909 192 3968; x_wconf 80' lang='lat' dir='ltr'><strong>dum</strong></span> <span class='ocrx_word' id='word_1_312' title='bbox 210 3908 298 3965; x_wconf 87' lang='lat' dir='ltr'><strong>idem.</strong></span> <span class='ocrx_word' id='word_1_313' title='bbox 317 3907 416 3976; x_wconf 81' lang='lat' dir='ltr'><strong>Neque</strong></span> <span class='ocrx_word' id='word_1_314' title='bbox 433 3903 511 3962; x_wconf 87' lang='lat' dir='ltr'><strong>enim</strong></span> <span class='ocrx_word' id='word_1_315' title='bbox 524 3902 658 3958; x_wconf 78' lang='lat' dir='ltr'><strong>Socrates</strong></span> <span class='ocrx_word' id='word_1_316' title='bbox 675 3901 762 3958; x_wconf 85' lang='lat' dir='ltr'><strong>simul</strong></span> <span class='ocrx_word' id='word_1_317' title='bbox 780 3908 809 3957; x_wconf 87' lang='lat' dir='ltr'><strong>et</strong></span> <span class='ocrx_word' id='word_1_318' title='bbox 828 3898 938 3968; x_wconf 80' lang='lat' dir='ltr'><strong>valore,</strong></span> <span class='ocrx_word' id='word_1_319' title='bbox 957 3907 988 3955; x_wconf 86' lang='lat' dir='ltr'><strong>et</strong></span> <span class='ocrx_word' id='word_1_320' title='bbox 1005 3907 1161 3970; x_wconf 76' lang='lat' dir='ltr'><strong>aegrotare</strong></span> <span class='ocrx_word' id='word_1_321' title='bbox 1180 3907 1240 3971; x_wconf 88' lang='lat' dir='ltr'><strong>pot·</strong></span> 
     </span>
     <span class='ocr_line' id='line_1_36' title="bbox 119 3982 1241 4068; baseline -0.011 -16"><span class='ocrx_word' id='word_1_322' title='bbox 119 4003 177 4068; x_wconf 73' lang='grc'>9919</span> <span class='ocrx_word' id='word_1_323' title='bbox 196 4001 247 4051; x_wconf 87' lang='lat' dir='ltr'><strong>aot</strong></span> <span class='ocrx_word' id='word_1_324' title='bbox 260 3991 393 4050; x_wconf 86' lang='lat' dir='ltr'><strong>membro</strong></span> <span class='ocrx_word' id='word_1_325' title='bbox 406 3990 508 4053; x_wconf 75' lang='lat' dir='ltr'><strong>eodem</strong></span> <span class='ocrx_word' id='word_1_326' title='bbox 522 3985 648 4045; x_wconf 80' lang='lat' dir='ltr'><strong>calefieri</strong></span> <span class='ocrx_word' id='word_1_327' title='bbox 662 3985 784 4058; x_wconf 80' lang='lat' dir='ltr'><strong>puriter,</strong></span> <span class='ocrx_word' id='word_1_328' title='bbox 800 3999 837 4049; x_wconf 84' lang='grc'><strong>99</strong></span> <span class='ocrx_word' id='word_1_329' title='bbox 851 3982 991 4057; x_wconf 76' lang='lat' dir='ltr'><strong>frigefieri</strong></span> <span class='ocrx_word' id='word_1_330' title='bbox 1004 3998 1032 4055; x_wconf 64' lang='lat'><strong>93</strong></span> <span class='ocrx_word' id='word_1_331' title='bbox 1051 3997 1077 4040; x_wconf 90' lang='grc'><strong>9.</strong></span> <span class='ocrx_word' id='word_1_332' title='bbox 1092 3983 1241 4058; x_wconf 65' lang='lat' dir='ltr'><strong>Damam,</strong></span> 
     </span>
     <span class='ocr_line' id='line_1_37' title="bbox 120 4068 1241 4149; baseline -0.013 -8"><span class='ocrx_word' id='word_1_333' title='bbox 120 4081 264 4149; x_wconf 63' lang='lat' dir='ltr'><strong>Dialem„</strong></span> <span class='ocrx_word' id='word_1_334' title='bbox 283 4093 311 4145; x_wconf 98' lang='grc'><strong>9.</strong></span> <span class='ocrx_word' id='word_1_335' title='bbox 330 4074 379 4134; x_wconf 70' lang='grc' dir='ltr'><strong>ΙΙ.</strong></span> <span class='ocrx_word' id='word_1_336' title='bbox 401 4073 479 4133; x_wconf 73' lang='lat' dir='ltr'><strong>Eos.</strong></span> <span class='ocrx_word' id='word_1_337' title='bbox 499 4073 687 4132; x_wconf 78' lang='lat' dir='ltr'><strong>Ambrosius:</strong></span> <span class='ocrx_word' id='word_1_338' title='bbox 710 4068 1019 4142; x_wconf 70' lang='lat' dir='ltr'><strong>«omousianorum</strong></span> <span class='ocrx_word' id='word_1_339' title='bbox 1037 4077 1098 4143; x_wconf 76' lang='lat' dir='ltr'><strong>est,</strong></span> <span class='ocrx_word' id='word_1_340' title='bbox 1115 4069 1241 4142; x_wconf 74' lang='lat' dir='ltr'><strong>seipsum</strong></span> 
     </span>
     <span class='ocr_line' id='line_1_38' title="bbox 119 4155 811 4240; baseline -0.009 -15"><span class='ocrx_word' id='word_1_341' title='bbox 119 4167 313 4240; x_wconf 67' lang='lat' dir='ltr'><strong>impugnem</strong></span> <span class='ocrx_word' id='word_1_342' title='bbox 334 4165 376 4220; x_wconf 83' lang='lat' dir='ltr'><strong>De</strong></span> <span class='ocrx_word' id='word_1_343' title='bbox 395 4160 590 4230; x_wconf 78' lang='lat' dir='ltr'><strong>Poeroimmio,</strong></span> <span class='ocrx_word' id='word_1_344' title='bbox 610 4159 661 4216; x_wconf 87' lang='lat' dir='ltr'><strong>lib.</strong></span> <span class='ocrx_word' id='word_1_345' title='bbox 681 4159 716 4230; x_wconf 92' lang='grc' dir='ltr'><strong>ΙΙ,</strong></span> <span class='ocrx_word' id='word_1_346' title='bbox 735 4173 763 4218; x_wconf 86' lang='grc'><strong>9.</strong></span> <span class='ocrx_word' id='word_1_347' title='bbox 781 4155 811 4219; x_wconf 80' lang='lat'>2</span> 
     </span>
    </p>

    <p class='ocr_par' dir='ltr' id='par_1_4' title="bbox 153 4237 1028 4326">
     <span class='ocr_line' id='line_1_39' title="bbox 153 4237 1028 4326; baseline -0.009 -22"><span class='ocrx_word' id='word_1_348' title='bbox 153 4255 183 4326; x_wconf 72' lang='lat' dir='ltr'><strong>a)</strong></span> <span class='ocrx_word' id='word_1_349' title='bbox 202 4253 234 4307; x_wconf 90' lang='lat' dir='ltr'><strong>ln</strong></span> <span class='ocrx_word' id='word_1_350' title='bbox 253 4249 303 4307; x_wconf 84' lang='grc' dir='ltr'>ΙΙΙ).</span> <span class='ocrx_word' id='word_1_351' title='bbox 324 4248 348 4304; x_wconf 88' lang='grc' dir='ltr'><strong>ΙΙ</strong></span> <span class='ocrx_word' id='word_1_352' title='bbox 367 4249 460 4320; x_wconf 76' lang='lat' dir='ltr'><strong>Seue,</strong></span> <span class='ocrx_word' id='word_1_353' title='bbox 480 4247 548 4304; x_wconf 82' lang='lat' dir='ltr'><strong>illst.</strong></span> <span class='ocrx_word' id='word_1_354' title='bbox 569 4244 666 4319; x_wconf 82' lang='lat' dir='ltr'><strong>lll,p.</strong></span> <span class='ocrx_word' id='word_1_355' title='bbox 684 4245 707 4319; x_wconf 88' lang='grc' dir='ltr'><strong>Ι,</strong></span> <span class='ocrx_word' id='word_1_356' title='bbox 725 4259 754 4303; x_wconf 91' lang='grc'><strong>9.</strong></span> <span class='ocrx_word' id='word_1_357' title='bbox 774 4242 844 4316; x_wconf 84' lang='lat' dir='ltr'><strong>l‚q.</strong></span> <span class='ocrx_word' id='word_1_358' title='bbox 864 4237 1028 4314; x_wconf 68' lang='grc'>399999.</span> 
     </span>
    </p>
   </div>
   <div class='ocr_carea' id='block_1_3' title="bbox 0 0 1384 4770">
    <p class='ocr_par' dir='ltr' id='par_1_5' title="bbox 0 0 1384 4770">
     <span class='ocr_line' id='line_1_40' title="bbox 0 0 1384 4770; baseline 0 3"><span class='ocrx_word' id='word_1_359' title='bbox 0 0 1384 4770; x_wconf 95' lang='lat' dir='ltr'><strong> </strong></span> 
     </span>
    </p>
   </div>
  </div>
 </body>
</html>
