2760 4770
186 232 280 305 nibus
301 228 491 320 adhibentur,
523 227 706 301 affectiones.
718 229 892 321 suppositio
922 225 1033 299 latiori
1060 249 1164 301 sensu
1187 234 1308 321 ncepn¹

188 349 235 410 est
258 338 416 428 usurpatio
438 334 519 406 vocis
543 355 598 425 pro
617 332 681 405 suis
696 330 985 423 significationibus.
1005 331 1107 404 Sicut
1131 355 1242 426 nempe
1258 356 1309 423 sup·

187 449 343 529 putatores
374 449 507 509 utuntur
528 438 652 508 calculis
683 438 752 507 loco
785 455 1019 524 nummorum,
1062 437 1109 506 ita
1134 457 1193 507 nos
1215 437 1310 507 udum

185 541 324 612 terminis
347 543 414 611 loco
435 563 567 628 eorum,
591 561 669 630 qune
692 538 835 632 perillus
863 539 1108 629 significentur.
1148 540 1310 611 Huiusmodi

184 665 261 716 usus
283 656 408 714 uocatur
436 646 613 737 suppositio.
650 643 729 712 Ilinc
755 664 926 733 supponere
955 664 1022 733 pro
1047 644 1162 734 utiquo
1186 643 1262 713 idem
1278 653 1311 712 est

185 770 222 820 ac
245 751 320 821 illud
342 752 529 841 significare.
554 751 670 820 Exinde
699 749 880 840 intelligitur
901 750 976 840 quid
1000 752 1069 822 sibi
1098 752 1196 822 velint
1219 772 1309 843 propo-

183 853 307 922 sitiones
340 854 378 923 de
398 854 527 924 uedeo
548 872 609 922 non
638 859 836 944 supponente.
867 851 987 920 Scilicet
1011 853 1056 920 ad
1081 855 1308 945 suppositionem

184 954 305 1025 termini
328 954 505 1045 requiritur,
522 966 559 1024 ut
580 954 695 1044 aliquid
710 952 932 1042 designandum
955 953 1104 1024 termino
1129 957 1305 1046 respondem

184 1059 268 1128 unde
289 1079 391 1128 sermo
413 1079 480 1130 esse
502 1058 616 1128 dicitur
637 1057 676 1126 de
697 1056 823 1125 seledo
854 1076 915 1124 non
935 1064 1167 1147 supponente,
1197 1057 1224 1126 si
1246 1056 1308 1128 nihil

186 1160 407 1249 designandum
431 1160 610 1249 respondeat
633 1160 774 1228 termino.
799 1158 836 1225 tt.
854 1180 900 1247 g,
925 1157 951 1228 si
975 1159 1102 1229 dicam:
1130 1163 1231 1232 Adam
1252 1160 1309 1230 mli

183 1261 333 1352 loquitur,
356 1262 561 1333 Antichristus
584 1262 653 1349 tuit,
683 1262 759 1332 istae
782 1260 1005 1353 propositiones
1032 1273 1115 1330 sunt
1138 1266 1179 1334 de
1201 1265 1308 1334 meur

186 1384 249 1433 non
269 1371 465 1455 supponente,
481 1365 552 1455 quia
567 1385 613 1453 ea,
630 1386 708 1457 quae
732 1365 946 1454 exprimuntur
963 1385 1017 1452 per
1035 1365 1202 1435 terminos
1215 1367 1308 1450 Adon,

187 1476 219 1535 et
241 1465 456 1553 Antichristus,
474 1466 522 1534 vel
544 1468 628 1537 nulla
650 1477 736 1553 sunt,
766 1476 902 1555 tempore
914 1487 978 1554 quo
1002 1465 1139 1555 loquor,
1167 1469 1216 1536 vel
1238 1488 1310 1536 num

185 1588 279 1661 quam
301 1569 437 1637 luerunt.
455 1569 625 1660 Ampliatio
648 1580 695 1640 est
709 1567 847 1637 extensio
864 1566 986 1636 termini
1010 1589 1030 1634 a
1058 1569 1182 1638 minori
1205 1569 1242 1638 ad
1262 1589 1309 1638 ma·

185 1672 281 1741 iorem
305 1669 568 1760 significationem.
594 1670 649 1758 lta,
673 1691 745 1740 cum
772 1670 896 1739 dicitur:
923 1668 1008 1737 llites
1035 1671 1245 1756 possidebunt
1265 1681 1308 1737 tor-

186 1794 266 1861 ram,
290 1792 348 1841 vox
370 1774 484 1858 mites,
508 1791 586 1860 quae
608 1771 638 1839 ui
660 1770 819 1860 prnedioeti
841 1771 983 1861 supponit
1006 1779 1140 1839 tantum
1166 1793 1224 1861 pro
1246 1771 1307 1839 latu·

185 1876 240 1958 ris,
265 1873 400 1946 sumitur
422 1885 524 1943 tamen
547 1892 603 1962 pro
624 1873 791 1962 omnihus,
815 1886 882 1941 tum
906 1872 1031 1955 lunaris,
1062 1883 1136 1942 tum
1163 1872 1308 1962 praesenti·

187 1976 256 2063 bus,
280 1987 346 2044 tum
370 1974 547 2063 praeteritis.
584 1973 650 2054 Qua
672 1975 705 2043 in
728 1994 761 2043 re
789 1973 917 2042 advertit
938 1993 964 2042 s.
991 1972 1152 2062 Thomas,
1181 1975 1308 2044 terminos

187 2077 394 2166 significantes
416 2086 519 2145 notum
543 2075 664 2146 animae
685 2076 840 2166 ampliore
859 2075 900 2145 ud
922 2094 1013 2143 ontnc
1036 2081 1182 2167 ternpus;
1211 2100 1226 2143 n
1248 2075 1308 2147 sicul

186 2202 258 2249 eum
280 2179 402 2248 dieitur:
427 2178 530 2250 Homo
545 2181 705 2268 laudatur,
718 2189 816 2268 potest
837 2176 961 2267 intelligi
976 2178 1015 2245 de
1041 2179 1217 2266 praesenti,
1241 2196 1307 2269 prae

186 2282 288 2370 terito,
312 2282 360 2350 rel
383 2281 500 2364 tuturo,
523 2291 609 2352 nctus
630 2281 713 2349 enim
735 2278 856 2350 animae
884 2301 917 2350 se
939 2279 1084 2347 extendit
1106 2281 1206 2349 etiam
1228 2280 1262 2350 nd
1279 2299 1305 2349 ct

187 2405 265 2474 quae
287 2405 350 2453 uon
373 2393 447 2453 sunt
462 2382 510 2453 ²».
535 2383 691 2454 Restrictio
709 2392 756 2452 est
771 2382 933 2450 coarctatio
953 2379 1083 2448 termini
1107 2402 1124 2448 a
1153 2381 1259 2450 maiori
1277 2380 1305 2448 ad

188 2488 341 2557 minorem
365 2486 629 2576 significationem,
656 2495 690 2553 ut
712 2483 744 2552 in
766 2484 821 2552 hac
836 2482 1049 2572 propositione:
1077 2482 1193 2553 Omnis
1215 2484 1305 2563 homo,

187 2591 240 2679 qui
262 2601 308 2661 est
330 2591 441 2674 iustus,
466 2588 579 2676 spernit
603 2587 779 2670 mundum;
803 2586 857 2654 nbi
881 2585 955 2653 illud
987 2584 1198 2672 subiectum,
1221 2583 1305 2663 horu

188 2693 393 2781 restringitur,
405 2700 441 2759 ut
456 2712 512 2782 pro
524 2689 612 2762 iustis
627 2693 728 2760 solum
743 2697 904 2780 supponet.
923 2688 1064 2757 Monente
1079 2689 1195 2758 eodem
1217 2696 1306 2760 sancto

187 2792 329 2882 Doctore,
357 2793 507 2864 restrictio
529 2794 595 2862 fieri
618 2795 696 2864 solet
709 2795 800 2862 etiam
817 2815 870 2882 per
884 2793 1148 2875 oratonomosienn
1168 2792 1305 2882 siquiden

190 2918 205 2960 r
231 2896 401 2966 secundum
422 2896 675 2966 consuetudinem
699 2897 850 2964 humanae
868 2893 1038 2978 locutionis,
1056 2895 1166 2984 aliqua
1190 2893 1305 2964 nomina

185 2999 361 3066 communia
385 2996 612 3085 restringuntur
628 2997 676 3065 ud
693 3017 739 3083 en,
756 3017 834 3085 quae
848 2994 907 3063 sub
923 2993 974 3062 teli
995 2996 1227 3067 communitate
1246 3014 1306 3067 cun·-

187 3099 338 3186 tinentur,
363 3097 443 3166 sicut
473 3117 587 3168 nomen
611 3099 697 3169 urhis
726 3097 873 3186 accipitur
903 3097 1140 3168 antonomasice
1170 3119 1229 3187 pro
1255 3096 1305 3165 lio·

187 3217 237 3266 ma
255 3198 303 3268 ³r.
327 3199 480 3270 Alienatio
501 3211 548 3271 est
570 3200 703 3289 acceptio
727 3199 850 3268 tormini
867 3199 1006 3269 insensu
1028 3201 1305 3291 metaphoricum

187 3299 315 3392 proinde
336 3312 382 3372 est
404 3301 560 3374 distractio
581 3303 742 3372 terminia
764 3305 885 3395 propria
907 3302 945 3371 ad
968 3301 1176 3392 impropriam
1199 3302 1304 3395 signih

187 3405 349 3476 cntionem.
377 3404 419 3473 lta
436 3405 620 3497 Pythagoras
641 3406 767 3476 vocabat
783 3405 929 3478 iustitiam
945 3403 1040 3472 saleru
1055 3405 1152 3493 vitoe,
1175 3425 1215 3476 eo
1235 3401 1304 3495 quod

189 3509 340 3578 scelerum
362 3512 589 3601 corruptionem
612 3509 674 3579 acri
697 3509 831 3600 quidem,
851 3509 903 3580 sod
926 3507 1039 3577 salubri
1064 3509 1229 3595 punitione
1249 3526 1304 3577 cor·

188 3606 313 3698 rigeret.
338 3609 513 3701 Appellatio
532 3610 664 3701 denique
685 3622 732 3679 est
754 3609 879 3698 quidam
899 3606 1034 3700 specialis
1049 3609 1178 3697 modus,
1187 3631 1249 3700 quo
1266 3617 1303 3675 at·

189 3710 342 3780 tributum
365 3711 554 3802 adiungitur,
579 3732 632 3783 seu
653 3712 827 3803 applicatur
849 3711 997 3798 suhieoto,
1021 3709 1063 3777 ita
1079 3731 1194 3801 nempe
1218 3722 1250 3780 ut
1268 3706 1301 3776 illi

229 3861 254 3931 ί)
272 3862 399 3921 Diximus
418 3863 524 3922 latiori
539 3878 628 3923 renen
645 3871 790 3935 acceptu,
814 3870 846 3920 ut
863 3861 1057 3934 distinguntur
1075 3861 1116 3920 ah
1135 3878 1185 3938 en,
1205 3865 1242 3922 du
1256 3874 1301 3936 qur

193 3958 278 4008 auten
298 3949 387 4007 locuti
406 3965 516 4007 sumus.

230 4035 255 4104 ²)
274 4034 306 4089 la
326 4033 375 4091 lih.
395 4033 428 4091 lll
447 4034 541 4105 Senn,
561 4033 630 4092 Dist.
652 4030 710 4108 tn,
730 4050 757 4109 q.
779 4031 825 4107 tlt,
844 4049 872 4091 u.
896 4030 908 4087 1
929 4032 970 4091 ud
983 4030 1013 4091 d.

233 4118 256 4192 3)
273 4118 309 4180 2·
325 4117 383 4194 2¹0,
403 4136 431 4194 q.
453 4117 545 4192 Clllal,
565 4135 592 4179 n.
612 4118 631 4179 2
650 4133 676 4178 e.
750 4167 753 4171 .

449 4416 722 4614 fx„
