2760 4770
57 369 177 444 niverni
200 375 238 444 ad
253 375 394 451 inuicem.
404 379 466 450 Nec
482 394 544 447 una
559 394 649 448 causa
663 378 791 469 derogat
805 380 903 468 albri,
920 382 973 454 sed
990 393 1074 454 totus
1095 384 1186 455 ellec-

58 484 112 542 lus
135 487 182 546 est
204 492 334 550 accusa
357 491 505 571 er·eata,et
528 488 611 552 totus
626 503 643 548 a
659 482 813 551 voluntate
842 483 964 552 infinita
979 484 1110 554 increata
1134 483 1181 557 ἰ.

59 575 213 654 Quocirca
233 581 308 651 illud
328 585 456 655 allatum
477 583 690 675 explicandum
711 592 759 655 est
782 584 816 654 l’
829 597 1013 675 quatenus«
1035 588 1114 656 Deus
1135 599 1184 656 est

60 679 139 750 dans
152 676 218 751 esse
234 683 445 757 rebus:causac
459 696 562 755 autem
582 685 658 754 aliae
672 696 746 756 sunt
759 687 844 774 quusi
856 687 1093 760 determinantes
1110 691 1186 760 illud

60 798 130 850 csse
147 833 155 849 .
232 800 297 856 εεεε
311 799 415 859 autem
431 800 476 860 εει
492 789 591 878 magis
605 787 750 856 intimum
765 788 888 858 cuilibet
899 789 954 876 rei,
971 813 1116 880 quamea
1132 791 1185 882 ρει

61 900 229 983 ρεεειεεεε
249 887 482 961 determinatur.
507 891 594 960 Unde
620 889 755 980 operatio
776 891 925 962 Creatoris
948 896 1046 983 magis
1067 895 1182 985 pertin·

56 985 111 1074 git
134 985 171 1054 ad
194 986 298 1058 intima
321 994 377 1081 rei,
399 1015 493 1084 quarn
517 994 652 1084 operato
676 985 839 1064 causarum
860 997 1065 1066 secundarum
1082 995 1130 1081 ἠ
1149 997 1182 1069 d‘

61 1097 215 1176 quatenus
236 1113 345 1170 causae
365 1097 516 1167 secundae
544 1116 608 1167 non
634 1103 758 1186 agunt,
783 1097 842 1165 uisi
866 1100 1036 1168 secundum
1069 1101 1186 1170 rircsa

61 1191 129 1262 Deo
149 1192 234 1263 datas
267 1206 297 1264 et
318 1210 508 1271 conservatas
526 1220 535 1283 ;
560 1199 641 1270 unde
668 1198 754 1288 illud,
784 1199 885 1270 Causa
911 1201 1043 1270 soconda
1063 1201 1128 1290 opit
1149 1202 1186 1270 iu

60 1295 180 1366 virtute
208 1295 327 1368 Causae
350 1301 506 1386 naman
531 1302 565 1373 3·
588 1311 740 1394 quatenus
762 1321 871 1371 causae
899 1304 1047 1389 secundae
1069 1321 1133 1372 uon
1154 1325 1189 1373 a·

61 1408 154 1488 gunt,
171 1399 228 1468 nisi
252 1401 333 1472 Deus
356 1404 386 1473 in
409 1424 516 1474 carum
538 1406 675 1475 actiones
698 1403 740 1472 ita
762 1398 884 1491 inlluat,
902 1413 938 1472 ut
953 1403 1096 1472 eumdem
1111 1424 1183 1472 cum

61 1500 124 1572 illis
148 1503 293 1591 producat
315 1507 484 1585 ellectum:
509 1507 590 1576 unde
616 1505 702 1593 illud,
733 1505 834 1576 Conso
855 1507 987 1575 amoma
1008 1506 1184 1598 applicetur

60 1613 86 1671 α’
105 1607 223 1693 primu,
248 1630 311 1697 quo
332 1611 545 1701 opplieolioail
567 1609 692 1680 nomine
715 1608 898 1698 intelligitur
915 1609 1040 1678 [livinus
1056 1628 1185 1677 concur·

58 1724 114 1776 sus
139 1709 183 1775 vel
206 1712 362 1800 praevius,
388 1715 432 1781 rel
455 1723 576 1782 tanturn
610 1713 811 1782 druultoarur
835 1712 846 1750 ³
852 1734 861 1794 ;
882 1735 897 1777 ε
924 1708 1005 1781 Dorus
1030 1710 1186 1780 immedia-

58 1819 91 1879 te
115 1808 147 1877 iu
170 1811 314 1881 omuibus
337 1815 427 1885 rebus
455 1826 624 1904 operatur,
650 1814 680 1883 in
704 1825 854 1902 quantum
878 1813 975 1882 uirtus
997 1833 1052 1881 sua
1074 1823 1122 1884 est
1143 1812 1186 1880 si-

60 1923 117 1981 cut
141 1912 278 1982 medium
310 1918 500 2007 coniungens
534 1916 678 1985 virtutem
707 1915 874 1987 cuiuslibet
894 1936 1002 1986 causae
1035 1916 1185 1984 secundae

60 2034 136 2084 curn
158 2036 216 2085 suo
237 2017 360 2102 ellectu;
385 2038 448 2088 non
471 2019 554 2090 enim
582 2020 680 2088 uirtus
703 2017 837 2088 alicuiusv
857 2027 1012 2088 creaturae
1036 2024 1136 2108 posset
1152 2015 1184 2085 in

59 2137 157 2188 suum
178 2120 333 2209 effectum,
358 2121 418 2193 nisi
441 2144 494 2212 per
516 2123 662 2192 virtutem
687 2120 864 2209 Creatoris,
889 2143 906 2189 a
929 2141 992 2210 quo
1014 2129 1061 2190 εει
1082 2117 1185 2188 omnis
1226 2164 1230 2172 ·

60 2221 172 2309 uirtus,
196 2232 228 2291 et
250 2221 369 2291 uirtutis
391 2223 599 2312 conservatio,
623 2234 655 2295 et
676 2223 752 2291 ordo
774 2223 812 2292 atl
835 2223 976 2292 ellectum
999 2221 1015 2262 ⁴
1040 2245 1069 2289 a.

105 2320 161 2393 tlt.
187 2323 375 2397 Couuumus
399 2347 460 2398 εει
483 2330 645 2398 ιοειιῐιε.
665 2325 899 2413 intelligendum
915 2327 962 2394 εἐι
976 2325 1015 2392 de
1030 2343 1085 2410 eo,
1101 2321 1185 2412 quod

61 2435 109 2494 est
131 2416 327 2495 communius
347 2428 515 2498 sectarium
536 2427 768 2513 canaliculas,
790 2426 1052 2515 quemadmodum
1075 2445 1184 2512 causa,

61 2548 149 2618 quae·
168 2546 229 2596 uua
262 2536 392 2599 numero
416 2550 543 2600 manens
565 2530 601 2597 ad
625 2530 729 2617 plures
749 2529 874 2600 allectus
898 2526 1089 2620 porrigitur;
1114 2526 1192 2597 binc

61 2651 156 2701 causa
179 2648 360 2700 conservans
382 2629 535 2700 civitatem
558 2630 691 2700 nobilior
712 2640 758 2699 est
778 2649 837 2718 ca,
860 2650 939 2722 quae
961 2639 1118 2699 conseruat
1141 2629 1156 2696 l
1174 2670 1184 2682 -

63 2731 193 2801 miliam.
218 2731 258 2800 dt
280 2733 318 2801 si·
330 2754 490 2803 coarmata
510 2732 679 2823 accipiatur
700 2751 757 2821 per
770 2733 1017 2820 mundationum,
1034 2731 1080 2800 rel
1094 2748 1187 2820 praef·

61 2834 270 2925 dimotionem,
294 2837 554 2926 quemadmodum
581 2855 702 2923 unum,
738 2834 821 2923 quod
844 2833 999 2904 inuenitur
1021 2833 1054 2902 in
1078 2833 1183 2906 multis

62 2938 233 3007 secundum
255 2960 350 3008 unam
373 2941 550 3029 tutionem,
581 2949 654 3008 tuuc
676 2935 775 3024 illud,
800 2937 883 3026 quod
906 2945 952 3006 est
972 2936 1183 3022 communius,

60 3058 127 3108 non
149 3048 194 3109 εει
216 3040 363 3130 nobilius,
386 3042 438 3111 sed
461 3040 682 3134 imperfectius,
710 3041 790 3111 sicut
811 3038 924 3107 animal
947 3037 1073 3106 bominc
1095 3038 1120 3108 ⁵.

107 3140 148 3209 X.
172 3138 369 3215 Gourosrrro
391 3163 435 3214 uu
459 3164 542 3231 asu,
571 3162 626 3212 uui
648 3162 709 3213 usu
742 3159 982 3212 ursrmcrouuu
1006 3158 1094 3210 uuio.
1120 3136 1185 3207 Hoc

62 3242 191 3312 eratum
214 3265 322 3315 uerum
344 3255 413 3332 est,
454 3245 625 3315 dummodo
655 3243 870 3315 distinctorum
905 3240 980 3313 unio
1007 3240 1184 3312 huiusmodi

62 3345 114 3433 sit,
140 3357 176 3415 ut
198 3367 297 3416 unum
319 3366 351 3416 se
374 3347 483 3415 habeat
505 3366 558 3435 per
581 3346 711 3416 modum
733 3354 837 3434 actus,
859 3355 891 3416 et
904 3347 1034 3414 alterurn
1050 3366 1104 3435 ρει
1119 3364 1185 3414 mo·

62 3447 140 3516 dum
163 3451 315 3536 potentiae
328 3470 337 3532 ;
363 3449 515 3539 quocirca,
540 3447 598 3520 etsi
625 3449 657 3518 iu
681 3449 744 3518 beo
767 3451 865 3518 multa
887 3448 1058 3520 virtualiter
1077 3445 1184 3516 distin-

64 3562 213 3640 guantur,
237 3553 322 3621 nulla
346 3561 450 3622 lamen
472 3574 510 3622 ex
533 3553 570 3623 iis
599 3553 636 3620 lit
655 3550 849 3642 compositio,
874 3570 945 3618 narn
970 3550 1045 3619 nibil
1069 3552 1100 3618 in
1125 3549 1188 3617 Deo

62 3650 213 3743 assignari
237 3664 355 3744 potest,
379 3656 461 3745 quod
485 3676 517 3725 se
540 3655 649 3725 babeat
676 3674 730 3744 per
759 3654 886 3722 modum
915 3652 1079 3744 potentiae.
1106 3652 1185 3720 Rur—

62 3774 118 3826 sus
152 3756 334 3846 compositio
368 3769 441 3827 tunc
472 3757 595 3848 exurgit
628 3776 666 3825 ex
699 3754 913 3824 distinctorum
946 3755 1079 3842 unione,
1115 3776 1187 3823 cunt

99 3915 125 3984 ¹)
145 3914 174 3972 8.
194 3913 278 3986 aon,
299 3917 330 3974 lu
350 3917 401 3974 lib.
423 3918 432 3974 l
454 3916 546 3989 sent,
565 3914 635 3973 Dist.
654 3912 748 3987 XLV,
772 3927 802 3970 a.
822 3910 857 3986 ll,
874 3929 904 3985 q.
931 3910 1009 3972 2ud
1027 3928 1097 3988 erp.
1118 3913 1180 3970 vm.

61 4015 87 4058 ε.
109 4001 227 4069 Titum,
246 4001 269 4070 l,
287 4019 317 4074 q.
335 4001 391 4073 CV,
410 4017 440 4057 a.
459 3998 478 4056 u
496 4016 523 4058 c.

98 4087 125 4155 ²)
145 4085 175 4142 lu
195 4087 245 4143 ltb.
267 4089 288 4143 ll
308 4087 407 4158 Sena,
422 4088 492 4145 llist.
513 4085 535 4154 l,
553 4100 584 4159 q.
601 4083 625 4157 l,
644 4098 674 4141 a.
692 4080 711 4140 d
728 4083 785 4142 801.

101 4171 124 4241 ³)
143 4171 180 4227 cl
194 4187 221 4241 ρ.
240 4172 287 4229 bb.
307 4201 342 4218 -
360 4175 386 4245 ⁴)
406 4175 475 4231 Loca
491 4174 542 4231 cit.

99 4259 126 4331 ⁵)
147 4257 199 4332 Ως.
222 4259 331 4333 dispo,
350 4262 387 4318 de
408 4263 494 4334 Van,
512 4277 539 4332 q.
561 4254 617 4331 vll,
637 4269 665 4312 a.
683 4253 704 4310 b
720 4253 757 4313 ad
774 4245 804 4313 7.
