2760 4770
125 364 190 416 nou
210 348 251 416 ad
272 343 407 437 aliquem
431 342 610 415 terminum.
635 344 725 415 [latio
746 352 851 414 autem
885 361 950 413 non
973 341 1126 432 importat
1147 339 1252 411 distin-

123 448 259 518 ctionem
280 449 344 518 duti
366 472 384 519 3
406 446 577 539 principio,
602 469 620 517 3
641 469 706 537 quo
728 446 833 534 datur,
857 445 928 537 quia
951 447 1031 516 idem
1055 454 1161 535 potest
1181 443 1251 521 dare

123 548 286 639 seipsum,
310 550 363 623 sed
387 561 509 623 tantum
531 551 569 619 ab
591 570 656 637 oo,
679 550 728 620 eui
752 550 854 621 datur.
880 549 939 619 Sed
962 544 1186 639 missioponit
1206 543 1250 614 di-

125 652 321 723 stiuetionem
343 654 377 725 in
399 652 494 724 misso
523 663 555 730 et
577 655 615 724 ud
637 651 831 742 principium,
854 661 886 721 ct
907 652 946 720 ad
969 648 1143 719 terminum
1167 648 1229 717 ¹».

170 753 211 824 ll.
237 754 383 827 Dccxrux
406 779 451 829 ux
475 755 792 827 uentre-Dromon
808 777 852 825 nx
867 773 1064 824 conuxmoxr
1078 771 1249 823 3333333.

126 853 265 925 Primum
289 857 322 926 in
343 879 382 928 eo
404 857 537 947 positum
557 867 613 945 ast,
632 868 666 925 ut
695 857 764 925 talia
779 875 908 948 operans
938 854 1006 923 talia
1031 862 1250 942 consequatur.

126 957 269 1029 Alterum
290 959 323 1027 in
345 980 409 1049 eo,
432 971 468 1030 ut
493 959 562 1029 talis
584 973 693 1029 natura
716 962 790 1029 tales
817 957 1018 1045 conditiones,
1043 959 1090 1026 vel
1116 953 1252 1048 proprie·

126 1068 205 1131 tates
226 1064 409 1152 expostuler
435 1083 464 1133 e.
490 1084 524 1151 g.
548 1061 682 1130 3333333
706 1072 752 1131 est
766 1061 899 1148 lxoxniui,
915 1061 1025 1129 habere
1041 1059 1208 1145 rationem,
1223 1067 1252 1127 et

113 1160 211 1249 ¹alin,
235 1184 314 1253 quac
342 1164 380 1231 ud
404 1164 568 1245 humanam
604 1175 748 1232 naturum
778 1162 940 1252 pertinent.
965 1161 1029 1241 Qua
1063 1159 1097 1227 in
1121 1181 1155 1229 re
1180 1159 1252 1228 illud

127 1261 227 1333 obiter
249 1266 432 1337 adnotamus
454 1266 538 1355 quod
561 1267 650 1335 docet
663 1276 701 1337 ’3.
727 1265 859 1334 Thomas
876 1264 901 1353 ²,
917 1275 1028 1334 neutro
1042 1263 1138 1334 modo
1155 1263 1251 1331 Deum

129 1366 276 1435 creaturis
297 1369 462 1438 debitorem
484 1368 543 1437 dici
568 1389 680 1457 posse,
711 1367 888 1437 cumcuim
911 1368 983 1444 liaeo
1002 1366 1104 1438 debita
1128 1386 1252 1456 praesu·
1294 1402 1296 1415 ·

127 1476 214 1535 mant
235 1466 370 1538 divinam
399 1471 640 1554 ordinationem,
666 1468 813 1559 sequitur,
839 1477 875 1536 ut
897 1467 998 1557 potius
1020 1468 1105 1537 [leus
1127 1466 1253 1556 sibiipsi

128 1565 249 1643 debitor
271 1572 322 1659 sit,
339 1586 488 1661 quotenus
507 1572 648 1641 debitum
662 1583 720 1659 cst,
737 1585 773 1640 ut
787 1571 887 1641 divina
908 1569 1058 1640 ordinatio
1076 1572 1252 1662 implentur.

133 1724 136 1729 .
173 1669 977 1747 ΙΙΙ.13333333-Μιιυιι-Ρειιιτυιι-(ὶιιιιι.
1006 1674 1150 1762 Defectus
1185 1677 1253 1747 sim·

53 1784 57 1789 ’
128 1770 240 1861 plicem
261 1776 456 1864 negationum
489 1776 618 1846 alieuius
642 1777 715 1846 honi
746 1777 908 1866 significat.
936 1777 1053 1846 Muluio
1088 1787 1197 1847 autem
1217 1776 1253 1845 si·

123 1874 254 1964 'gnificat
277 1878 489 1968 privationem,
514 1901 568 1949 seu
597 1880 905 1950 delectumentitatis
928 1877 960 1948 in
983 1899 1043 1967 re,
1066 1900 1148 1969 quae
1172 1879 1251 1949 illam

127 1977 308 2048 naturaliter
330 1980 440 2052 habau
462 1983 564 2064 debet;
588 2003 617 2052 a.
642 2004 689 2071 g,
717 2007 732 2046 ι
751 1981 885 2052 carentia
900 1981 979 2051 vitae
994 1981 1025 2050 in
1041 1982 1142 2072 lupide
1159 1992 1252 2075 potest

128 2077 190 2149 dici
211 2082 355 2171 delectur,
380 2083 432 2151 sed
456 2106 518 2152 non
542 2086 679 2165 mulnm;
704 2084 821 2153 lxomini
846 2104 916 2166 vero
939 2105 1023 2154 mors
1051 2092 1100 2153 est
1122 2095 1157 2155 et
1178 2085 1231 2154 del
1241 2123 1252 2135 -

129 2191 209 2271 etur,
232 2192 264 2252 et
286 2186 403 2254 malum
428 2186 439 2225 ³
466 2211 495 2254 ι.
513 2186 593 2256 Hine
614 2189 745 2273 malum,
760 2187 844 2276 quod
861 2187 954 2276 uulgo
968 2185 1081 2258 dicitur
1095 2186 1253 2278 melopep-

126 2285 237 2374 riount,
261 2306 315 2355 seu
338 2288 475 2358 delectus
497 2287 692 2357 omnimodae
715 2287 908 2378 perfectionis
927 2290 959 2357 in
975 2298 1044 2359 ente
1058 2298 1177 2376 creato,
1192 2308 1252 2358 333

126 2396 176 2460 est
199 2387 319 2481 proprie
341 2393 482 2479 mulum,
507 2392 577 2481 quin
600 2391 759 2480 quodlibet
780 2413 835 2461 ens
863 2400 999 2460 creatum
1034 2389 1249 2478 perfectionem

129 2489 214 2563 illam
235 2492 351 2563 nedum
373 2494 557 2582 expostulat,
585 2491 731 2564 excludit.
759 2494 923 2563 Peccatum
945 2490 1083 2561 consistit
1098 2491 1133 2563 in
1151 2512 1250 2582 opera·

127 2591 225 2684 tione,
252 2617 269 2661 ι
292 2597 462 2665 secuudum
499 2594 582 2684 quod
606 2615 668 2664 non
691 2604 738 2664 est
759 2593 896 2682 directa,
920 2593 1050 2663 utfinis
1072 2593 1184 2684 exigit,
1207 2615 1251 2663 se·

129 2699 267 2767 cundum
289 2698 372 2787 quod
394 2697 617 2768 Grammaticus
641 2719 703 2767 non
725 2706 806 2766 reete
832 2695 960 2784 scribit,
985 2716 1041 2764 nec
1064 2705 1155 2786 parat
1177 2705 1252 2767 recta

129 2798 266 2869 medicus
289 2802 443 2892 potionem
471 2825 501 2868 ι.
531 2800 664 2889 Colpugr
690 2819 783 2889 super
806 2809 964 2890 peceatum
979 2798 1072 2885 addit,
1088 2807 1126 2867 ut
1149 2797 1190 2871 sil
1205 2819 1252 2869 ro·

128 2899 256 2971 luntatis
278 2912 364 2975 actus
389 2925 420 2988 ις
445 2925 516 2973 narn
543 2926 558 2968 ι
579 2913 737 2994 peccatum
756 2911 802 2972 est
817 2911 847 2971 et
863 2902 894 2969 in
909 2902 968 2985 his,
985 2922 1063 2992 quae
1083 2902 1250 2972 secundum

127 3015 272 3076 naturam
295 3017 380 3096 sunt,
403 3018 434 3078 et
458 3007 489 3076 in
512 3007 573 3094 his,
597 3015 769 3095 quaesunt
795 3005 965 3073 seeundum
985 3015 1094 3087 artem,
1111 3006 1169 3072 sed
1190 3008 1250 3075 eul-

129 3129 169 3199 pa
191 3128 254 3178 non
278 3121 375 3198 potest
396 3132 474 3199 esse,
492 3110 549 3178 nisi
572 3110 611 3191 in¹
627 3110 686 3192 his,
704 3129 782 3197 quac
803 3129 855 3197 per
870 3109 1058 3176 voluntatem
1073 3117 1163 3190 sunt,
1176 3107 1250 3175 nillil

129 3210 214 3280 anim
237 3211 384 3281 rationem
407 3214 513 3300 culpae
540 3209 671 3300 obtinet,
696 3209 755 3278 nisi
778 3211 861 3300 quod
885 3207 1082 3298 vituperabile
1102 3219 1178 3296 est,
1202 3229 1251 3276 ne-

130 3334 192 3402 que
212 3311 398 3405 vituperium
420 3311 510 3381 alicui
533 3312 661 3381 debetur
682 3322 806 3401 propter
826 3309 1031 3383 inordinatum
1053 3318 1175 3397 actum,
1198 3308 1253 3379 nisi

128 3415 179 3485 ille
200 3425 286 3485 actus
308 3435 366 3482 suo
388 3410 525 3483 dominio
547 3413 716 3495 subiaceat3
742 3413 854 3482 habere
875 3424 978 3480 autem
999 3408 1180 3480 dominium
1199 3430 1252 3481 ¹su·

127 3539 182 3607 per
204 3537 276 3589 suos
298 3526 395 3605 aetus,
419 3527 455 3585 ut
477 3515 591 3586 scilieet
618 3513 713 3605 possit
734 3515 843 3606 lacere,
866 3524 899 3586 et
921 3533 984 3586 non
1006 3514 1118 3600 lucere,
1144 3515 1252 3584 voluu-

128 3619 199 3691 tatis
222 3618 380 3712 proprium
401 3628 448 3689 est
469 3618 484 3658 ⁴
510 3642 557 3688 ι.-

168 3915 193 3988 t)
210 3914 242 3975 lu
260 3915 310 3976 lib.
332 3917 344 3973 l
362 3918 455 3988 Sunt,
475 3919 545 3976 [list.
566 3917 627 3990 XV,
644 3935 674 3990 q.
693 3918 717 3991 l,
735 3932 765 3975 ιι.
787 3913 874 3976 leot.

165 4002 191 4073 ²)
211 4000 315 4074 1⁸2⁸0,
333 4021 361 4074 q.
381 4003 453 4073 citt,
466 4019 493 4059 ιι.
515 4003 533 4055 2
550 4005 585 4059 ad
604 4003 633 4074 23
654 4005 743 4071 turn,
762 4023 790 4074 q.
810 4003 905 4072 cxlv,
924 4019 954 4060 ιι.
974 3998 990 4059 t
1011 4004 1050 4061 ud
1069 4003 1099 4063 δ.
1124 4005 1189 4066 vtu.
1211 4018 1251 4068 et·

95 4142 100 4151 ,
129 4088 190 4148 inm
208 4102 234 4144 s·
253 4087 336 4158 Bou„
355 4087 385 4145 ln
405 4087 453 4143 lib.
475 4086 487 4147 l
507 4090 600 4157 sonu,
620 4090 690 4146 trist.
712 4088 807 4159 Xblll,
826 4089 895 4148 derb.
914 4087 942 4145 t.

170 4172 193 4242 ³)
213 4170 243 4227 u
262 4172 311 4228 ιιι.
333 4172 354 4226 ιι
374 4174 466 4244 seno,
488 4175 555 4230 ursi.
578 4173 670 4246 xxx,
689 4191 716 4244 q.
737 4175 759 4243 r,
778 4188 805 4228 a.
825 4173 844 4228 2
861 4174 920 4231 soe.

169 4258 194 4331 ⁴)
212 4257 242 4317 u
259 4255 312 4359 ιιι,
330 4255 353 4314 ιι
372 4258 464 4331 senx,
484 4258 542 4319 oe.
561 4259 624 4332 ux,
643 4269 671 4319 3
692 4258 763 4319 oux
782 4257 896 4330 xxxv,
913 4276 940 4331 q.
966 4259 992 4330 ι,
1011 4274 1042 4317 a.
1064 4258 1079 4315 1
1099 4264 1163 4321 sor.
1205 4326 1210 4335 ,
