2760 4770
125 275 278 460 „0342oe
299 384 515 476 expetendam,
540 383 591 453 bic
612 270 715 453 autgm
742 379 880 450 concedis
908 398 1053 450 omnem
1079 382 1247 470 rutupinum

123 492 417 683 ffiffipetgpdpm,
441 490 504 559 duo
527 487 585 559 sibi
619 484 819 576 repugnantia
841 484 1016 569 muceuis;
1045 485 1081 555 iu
1103 482 1185 571 quod
1206 481 1247 547 im·

664 832 697 950 θ

578 1088 789 1159 EFFATA

170 1295 197 1366 1.
219 1294 361 1367 Oorecru
384 1314 501 1366 rmum
519 1315 601 1365 suun
624 1312 895 1379 orsnnrroumus,
913 1312 1173 1368 reuersurus.
1196 1293 1243 1363 Scl-

127 1397 222 1485 licet,
245 1398 434 1487 operationes
456 1406 530 1466 suut
561 1396 675 1484 priores
709 1393 873 1483 potentiis,
907 1393 1036 1462 obiecta
1062 1407 1170 1465 autem
1190 1404 1243 1464 sunt

127 1498 229 1588 priora
251 1496 487 1588 operationibus,
511 1506 543 1562 et
566 1495 718 1584 potentiis.
744 1494 834 1583 Saue,
852 1495 1058 1583 operationes
1083 1509 1161 1566 sunt
1180 1497 1242 1587 priu-

126 1620 176 1669 res
198 1600 352 1690 potentiis,
376 1610 527 1689 quatenus
550 1611 622 1669 suut
645 1598 727 1686 linis,
749 1600 787 1668 ad
808 1618 901 1687 quem
925 1601 1093 1686 potentiae
1117 1596 1262 1689 spectum?

128 1701 213 1792 item,
238 1706 356 1775 obiecta
378 1713 451 1774 sunt
474 1704 574 1792 priora
590 1702 829 1790 operationibus,
845 1711 1001 1790 quatenus
1024 1725 1040 1769 r
1070 1704 1153 1774 actio
1174 1703 1238 1793 prin·

123 1810 259 1902 cipuliter
281 1807 314 1876 in
336 1804 490 1874 obiectum
506 1803 604 1872 tendit
620 1801 665 1870 ²».
684 1801 821 1891 Insuper,
838 1804 1015 1891 coqrzitiolte
1040 1806 1163 1875 obiectu
1183 1814 1236 1873 sunl

125 1911 225 2004 priora
247 1908 428 1994 actionibus,
452 1906 523 1995 quia
547 1925 632 1974 mem
662 1906 693 1973 in
717 1907 823 1995 primis
845 1907 1005 1974 obiectum
1032 1907 1236 1998 apprehendit,

124 2016 233 2084 deinde
254 2013 287 2081 in
309 2011 438 2099 seipsam
461 2008 597 2095 rediens,
623 2010 790 2095 actionem,
815 2030 876 2097 qua
898 2008 1066 2076 obiectum
1089 2010 1237 2097 approber-

125 2118 182 2203 dit,
206 2112 358 2205 perspicit:
385 2113 485 2198 Atque
506 2109 651 2197 actiones,
669 2113 781 2200 quippe
803 2120 972 2199 quaesunt
994 2111 1132 2180 effectus
1153 2120 1236 2197 pour

128 2216 253 2303 tiorum,
279 2212 362 2303 prius
384 2232 479 2300 quam
501 2210 585 2298 istae,
609 2233 627 2281 a
649 2212 737 2280 nobis
760 2222 1003 2299 cognoscuntur,
1020 2212 1175 2301 siquidem
1199 2230 1235 2279 uu

130 2320 230 2389 turalo
253 2317 341 2388 uobis
363 2327 410 2386 est
432 2336 470 2384 ex
491 2313 648 2384 ellectibus
680 2316 717 2385 ud
739 2315 947 2404 coguitionem
969 2335 1143 2384 causarum
1173 2315 1234 2385 dere·

128 2422 196 2491 nire
213 2421 237 2487 ³.

174 2521 211 2589 ll.
237 2521 401 2591 Ourscruu
424 2538 465 2588 uo
489 2538 638 2589 nouimus
662 2537 702 2587 rr
726 2537 840 2586 surius
863 2536 946 2601 aer,
978 2535 1047 2593 ouo
1072 2536 1231 2588 smruuus

126 2638 188 2697 ‘usr
213 2646 253 2695 ur
277 2641 510 2694 nusrnncrrus.
528 2619 761 2709 Intelligendum
775 2630 823 2691 est
842 2620 874 2688 ι’
887 2621 924 2688 de
935 2622 1157 2709 abstractione,
1178 2640 1234 2713 qm

130 2726 394 2816 potentialitatem,
419 2725 481 2794 siue
509 2723 768 2811 imperfectionem
790 2723 829 2791 ab
851 2723 970 2792 obiecto
992 2726 1158 2807 excludit;
1181 2736 1233 2793 tunc

128 2830 212 2900 enim
233 2849 296 2919 quo
320 2827 417 2918 magis
439 2828 591 2896 obiectum
614 2836 660 2896 est
687 2827 885 2915 abstractum,
910 2846 947 2895 co
971 2828 1076 2918 magis
1101 2842 1232 2899 remotun

126 2940 174 3002 est
196 2931 234 2999 ab
257 2927 510 3020 imperfectione,
539 2927 668 3016 ideoque
692 2927 823 2996 nobilius
845 2938 875 2995 et
898 2927 1078 3016 perfectius.
1107 2928 1232 2999 llancoi

128 3034 273 3105 rationem
298 3032 421 3120 formae,
445 3052 508 3121 quo
522 3030 622 3118 magis
636 3029 862 3116 immateriales,
886 3050 923 3098 eo
944 3030 1116 3103 nobiliores
1138 3043 1205 3101 sunt
1213 3032 1232 3094 ⁴.

129 3135 163 3205 2⁰
187 3135 362 3203 Dummodo
383 3143 482 3200 uetera
504 3130 566 3200 sint
588 3132 682 3222 parim
709 3130 777 3199 licet
799 3130 882 3199 enim
905 3131 1063 3219 quantitas
1087 3135 1235 3203 matbema-

129 3236 190 3304 tica
211 3236 251 3303 sit
272 3232 451 3303 abstractior
474 3232 640 3302 substantia
661 3229 804 3318 sensibili,
823 3241 926 3300 tamen
948 3252 1012 3301 nou
1036 3246 1085 3304 est
1110 3234 1235 3326 simplic>

129 3342 178 3407 ter
198 3355 233 3407 ea
256 3333 399 3422 nobilior,
423 3333 494 3423 quia
517 3334 608 3402 buius
632 3343 740 3401 natura
768 3343 814 3399 est
836 3332 1017 3421 substantia,
1044 3336 1133 3407 illius
1154 3346 1236 3404 auten

131 3446 178 3506 est
198 3436 336 3507 accidens
351 3437 378 3506 ⁵.
402 3433 513 3518 Quare,
537 3434 699 3503 adnotamte
714 3442 821 3502 nostro
844 3432 1005 3522 Aquinate,
1034 3458 1049 3498 e
1075 3436 1236 3526 simplicitas
1264 3496 1266 3541 Ι

129 3560 237 3631 perse
260 3559 324 3607 non
345 3547 392 3605 est
412 3557 504 3606 causa
526 3535 715 3623 nobilitatis,
744 3535 796 3604 sul
820 3534 972 3625 persentio:
999 3539 1085 3606 unde
1108 3538 1163 3605 ubi
1184 3556 1236 3629 per·
1263 3552 1267 3639 p

130 3641 207 3709 lecta
229 3641 350 3709 bonitas
372 3639 406 3708 in
429 3658 492 3705 uno
516 3635 643 3724 simplici
667 3636 842 3724 invenitur,
873 3636 1001 3725 simplex
1024 3652 1073 3708 est
1097 3640 1236 3723 nobilius,
1264 3646 1267 3653 '

131 3762 225 3832 quam
246 3740 461 3833 compositum,
486 3736 609 3826 quando
637 3746 741 3805 autem
762 3736 948 3806 econtrario
970 3737 1106 3829 simplex
1129 3752 1175 3812 est
1194 3742 1238 3809 im·
1265 3796 1267 3803 .

171 3920 196 3990 ¹)
214 3920 254 3979 Da
272 3920 315 3979 bia
333 3920 450 3991 copiose
467 3917 527 3991 egit
544 3917 747 3986 Senserertno,
768 3916 843 3973 unu.
860 3916 1125 3995 Christiuuuffiop.
1140 3936 1199 3995 par.
1215 3916 1239 3991 l,

138 4006 198 4064 vul.
215 4006 253 4077 ll,
271 4020 299 4061 c.
319 4005 365 4077 lll,
384 4022 414 4063 a.
432 4004 462 4073 2,
482 4021 508 4075 p.
528 3999 580 4058 801
599 4018 673 4074 sqq,
687 4003 805 4072 Neapoli
826 4000 907 4062 1862.

174 4090 200 4158 ²)
220 4091 272 4163 Ως.
292 4090 405 4161 dispo,
425 4091 468 4147 De
489 4091 574 4158 Ver„
593 4105 622 4158 q.
637 4087 674 4158 X,
693 4104 721 4144 a.
741 4088 760 4145 u
777 4102 805 4145 c.

175 4174 198 4246 ἰ
217 4175 281 4233 vid.
300 4190 324 4232 s.
346 4175 462 4245 Tuom,
480 4174 553 4232 ibid.
567 4202 598 4217 -
611 4172 636 4243 ⁴)
655 4172 720 4229 Vld.
740 4190 768 4244 p.
790 4170 852 4230 127.

174 4260 198 4339 ἰ
216 4258 279 4320 ttu.
298 4274 323 4318 s.
343 4259 461 4333 raom,
482 4258 509 4331 t,
527 4276 556 4333 q.
575 4258 713 4332 uxxxu,
731 4275 760 4323 a.
780 4258 797 4317 8
817 4274 857 4332 c.,
876 4267 962 4333 atqua
979 4256 1163 4333 Caletanum,
1181 4252 1239 4318 itit·
