2760 4770
40 379 263 470 proportionis,
288 379 441 470 signifieat
464 384 626 471 quemdam
656 381 797 450 ordinem
822 381 904 453 inter
920 382 1001 474 ipsos
1026 388 1172 458 terminos

46 480 140 552 unius
165 483 383 573 proportionis,
409 485 485 552 alter
505 505 576 555 vera
592 483 715 555 denotat
730 485 895 574 qrramdam
911 488 1168 578 convenientiam,

47 601 103 652 seu
125 584 352 655 similitudinem
371 585 448 655 inter
469 587 556 672 dum,
573 587 620 654 uel
643 588 745 675 plures
769 589 991 678 proportiones,
1007 591 1166 681 Quocirca,

46 688 216 755 secunmm
240 690 413 778 nnnooinrn
428 691 642 780 proportionis,
668 710 781 758 nomen
812 693 949 778 pluribus
965 695 1172 765 communitor
1256 741 1260 746 -

49 787 207 876 tribuitur,
232 812 269 860 eo
291 792 373 881 quod
396 791 546 880 significat
559 794 723 881 quamdam
740 793 961 884 habitudinem,
980 816 1035 863 seu
1052 797 1172 864 relatio-

49 911 215 982 nem,quae
239 894 318 964 inter
341 895 401 985 ipsa
423 895 519 965 existit
526 919 535 979 ;
558 895 603 964 uti
619 895 651 963 in
667 898 758 969 allato
772 899 911 985 exemplo
926 900 1079 985 sanitatis,
1096 920 1175 988 quae

48 993 88 1061 de
104 994 229 1064 animali
252 1007 283 1066 et
311 998 348 1065 de
374 999 443 1067 ciba
460 999 656 1087 praedicatur:
690 999 864 1074 Secundum
880 1011 982 1074 autem
998 1002 1174 1090 orsnlooinm

46 1103 342 1191 proportionalitatis
372 1105 494 1194 aliquod
517 1124 630 1176 nomen
660 1103 800 1194 pluribus
815 1101 1020 1174 communiter
1035 1107 1177 1173 attribui-

54 1213 117 1290 tur,
134 1224 172 1273 eo
194 1206 277 1294 quad
306 1205 457 1294 significat
480 1205 656 1274 relationem
685 1205 777 1274 unius
798 1208 835 1299 ad
859 1206 941 1274 aliud
963 1206 1094 1276 similem
1110 1228 1176 1278 esse

53 1307 192 1377 relationi
215 1308 339 1376 alterius
358 1309 395 1375 ad
415 1310 557 1391 alterum3
574 1307 665 1376 sicuti
682 1328 794 1377 nomen
818 1307 899 1377 visus
913 1308 1026 1377 dicitur
1047 1310 1085 1378 de
1106 1308 1175 1379 visu

50 1411 212 1499 corporali,
236 1421 266 1478 et
288 1410 492 1497 intellectuali,
520 1433 559 1481 eo
580 1411 664 1499 quod
692 1413 772 1480 sieut
794 1409 878 1480 visus
898 1420 946 1481 est
968 1411 1001 1478 in
1016 1413 1117 1497 oculo,
1134 1410 1176 1481 ita

53 1509 296 1584 intellectusest
319 1515 350 1580 in
373 1515 501 1582 mente¹
520 1539 550 1582 ι.
579 1516 690 1602 Atque,
719 1536 733 1578 ι
759 1513 928 1583 secundum
951 1505 1034 1582 bunc
1049 1513 1178 1582 modurn

55 1615 265 1686 similitudinis
299 1618 525 1687 transferuntur
557 1619 725 1708 corporalia
754 1618 792 1686 ad
821 1617 986 1710 spiritualia
1012 1643 1042 1701 a,
1074 1640 1104 1688 e.
1129 1631 1180 1709 g,

55 1737 128 1785 cum
151 1718 273 1787 dieitur:
303 1742 319 1784 ι
346 1719 432 1788 Sicut
452 1739 484 1787 se
514 1719 602 1787 babet
624 1740 701 1808 aqua
724 1720 762 1788 ad
786 1720 928 1788 delendas
951 1720 1087 1790 maculas
1109 1741 1179 1796 eor·

57 1823 188 1910 parntes,
212 1824 253 1891 ita
276 1822 370 1913 gratia
393 1826 431 1892 ad
454 1822 641 1908 abluendum
665 1822 866 1912 spirituales²
893 1848 923 1892 ι.
946 1823 1026 1892 Hinc
1042 1825 1178 1913 nomina,

56 1946 136 2013 quae
158 1927 196 1994 de
218 1927 282 1996 Deo
304 1939 334 1995 et
356 1927 393 1996 de
415 1925 560 1994 creaturis
582 1927 751 1996 secundum
765 1923 943 2014 analogiam
961 1927 1179 2016 proportionis,

58 2028 105 2095 uti
130 2030 221 2119 paulo
243 2037 314 2098 ante
335 2029 481 2117 diximus,
506 2030 736 2119 praedicantur,
761 2028 956 2120 intelligenda
979 2039 1053 2099 sunt
1074 2048 1183 2100 secun*

58 2129 134 2198 dum
157 2131 284 2200 alteram
307 2132 436 2220 aporiam
463 2132 556 2202 huius
579 2132 758 2223 analogiae,
782 2152 892 2222 nempe
914 2134 1083 2202 meandum
1106 2153 1183 2203 anas

59 2231 175 2322 logiam
199 2236 503 2323 proportionalitatis.
538 2235 660 2304 Etenim
687 2258 702 2301 a
727 2235 799 2324 quia
823 2237 855 2304 iu
877 2234 951 2324 bis',
982 2255 1060 2325 quae
1082 2235 1184 2323 primo

62 2335 156 2403 modo
178 2333 333 2426 analogice
353 2337 529 2425 dicuntur,
554 2347 674 2426 oportet
701 2356 767 2408 esse
788 2336 923 2427 aliquam
953 2335 1186 2407 determinatam

62 2437 271 2508 habitudinem
295 2439 376 2523 inter
398 2463 454 2528 ea,
479 2441 592 2530 quibus
619 2452 665 2512 est
687 2440 802 2530 aliquid
827 2461 880 2531 per
903 2440 1076 2528 analogiam
1098 2462 1185 2510 com·
1224 2505 1227 2510 .
1281 2492 1283 2500 -

62 2561 171 2627 mune,
197 2541 381 2630 impossibile
403 2552 450 2612 est
471 2539 584 2630 aliquid
618 2563 671 2631 per
692 2543 776 2611 hum
799 2543 928 2610 modum
950 2541 1105 2629 analogiae
1126 2541 1188 2612 diei

61 2645 101 2712 de
123 2645 187 2713 Deo
209 2655 244 2712 et¹
262 2653 425 2730 creatura,
463 2643 535 2732 quia
557 2644 641 2712 nulla
669 2656 806 2713 creatura
831 2643 923 2712 habet
946 2644 1036 2718 talem
1065 2644 1187 2713 babitu-

63 2747 166 2816 dinem
189 2750 225 2816 ad
248 2748 367 2833 Deum,
393 2768 446 2836 per
467 2767 561 2836 quam
589 2746 685 2835 possit
706 2747 814 2815 Divina
837 2745 982 2835 perfectio
1005 2745 1189 2814 determina*

64 2850 105 2921 ri.
130 2850 191 2919 Sed
213 2849 245 2919 in
266 2849 326 2920 alio
345 2853 436 2920 moda
466 2850 621 2938 analogiae
643 2851 727 2919 nulla
750 2850 951 2918 determinata
972 2845 1121 2916 habitudo
1143 2858 1189 2921 ate

65 2951 205 3022 tenditur
225 2952 305 3021 inter
323 2973 369 3041 ea,
391 2952 504 3041 quibus
524 2962 571 3020 est
593 2951 715 3039 aliquid·
729 2971 782 3039 per
803 2951 974 3038 analogiam
996 2967 1162 3017 commune
1179 2970 1193 3031 ς,

66 3065 98 3131 et
122 3055 189 3123 ideo
210 3056 379 3125 secundum
404 3057 492 3125 illum
516 3054 644 3124 madum
668 3053 750 3142 nibil¹
766 3052 906 3142 prohibet
937 3050 1060 3140 aliquod
1076 3071 1191 3121 nonreu
1286 3046 1289 3053 ’

68 3157 226 3244 analogice
240 3157 300 3226 dici
316 3159 354 3226 de
371 3157 434 3228 Deo
452 3159 462 3198 ³
484 3184 513 3227 ι.
858 3204 862 3211 x
1193 3186 1195 3190 ⁴

116 3257 253 3329 xxxttt.
278 3261 440 3330 Asnarsrs
470 3257 965 3347 conscensurus-dunensis
989 3267 1193 3334 causacum*
1293 3306 1296 3311 ·

72 3383 138 3433 aas,
164 3361 222 3431 Per
243 3363 398 3451 onolpsim
420 3363 646 3452 conseonentine
667 3360 831 3442 resolvitur
853 3359 1088 3451 syllogismus,
1102 3378 1195 3447 curn,

73 3466 172 3535 lorma
195 3466 263 3535 eiu's
284 3466 447 3555 diligenter
468 3487 607 3555 excussa,
632 3466 757 3534 firmum
782 3464 883 3554 ipsum
912 3483 977 3533 esse
992 3462 1194 3549 ostendimus,

73 3579 233 3658 propterea
246 3570 330 3658 quod
348 3568 536 3657 nationibus,
552 3581 644 3658 atque
659 3567 923 3638 enunciatianibus
947 3575 1064 3633 constet
1079 3586 1118 3633 ex
1132 3574 1199 3634 arte
1240 3655 1246 3665 Ι

75 3669 223 3740 connexis
245 3670 282 3738 ad
303 3671 476 3758 tigumrum
499 3682 531 3739 et
553 3672 717 3739 modorum
739 3671 831 3758 leges.
858 3666 1081 3754 Pcrnnnlosinr
1095 3678 1199 3737 autem

74 3774 281 3861 οιιιιεφιιιιιίι
304 3773 518 3862 syllogismum
542 3772 734 3860 resolvimus,
762 3792 848 3859 cum,
868 3768 936 3839 eius
953 3766 1078 3836 materia
1092 3788 1201 3838 excus-

76 3896 136 3967 sa,
161 3875 288 3946 firmum
310 3896 375 3948 esse
397 3876 614 3966 ostendimus,
646 3885 801 3967 propterea
822 3872 907 3962 quod
928 3868 1199 3941 enuntiationibus

119 4119 144 4187 ¹)
166 4121 218 4194 oo.
238 4119 351 4192 diano-2
369 4121 408 4179 de
430 4119 513 4193 ro,
532 4138 560 4192 o.
581 4119 615 4192 ιι,
634 4137 662 4178 a.
684 4119 714 4175 ιι
735 4135 764 4178 c.
999 4146 1002 4152 .

117 4207 142 4275 ²)
160 4205 189 4261 ¹⁰
210 4208 260 4262 Μ’
280 4205 314 4262 W
334 4208 429 4276 Sem*
449 4207 520 4266 Dm·
542 4206 565 4278 ¹2
584 4225 612 4279 q·
634 4207 655 4280 ¹2
675 4223 703 4264 n·
725 4204 753 4280 ¹,
772 4205 826 4265 SOI·
846 4202 865 4261 5
884 4203 919 4260 nd
933 4200 966 4259 ’3.

118 4289 140 4366 ⁵)
161 4294 204 4349 De
225 4295 312 4367 Ver„
334 4294 390 4351 loe.
412 4295 461 4352 cit.
959 4310 962 4314 -

147 4389 477 4468 snosonsmoneetmn
996 4387 1032 4445 ²·
