2760 4770
122 242 173 304 tur
196 234 325 318 relatio;
349 229 428 302 sicut
451 251 549 301 tinum
573 228 605 300 in
627 229 797 321 quantitate
818 240 931 301 causat
963 229 1240 321 aequalitatum
1278 278 1281 287 -

122 357 222 406 unum
243 333 435 425 inqualitate
449 331 693 406 similitudinem.
710 330 1035 423 lmperleotissimum
1058 336 1171 420 autein
1189 333 1238 422 quia

120 435 241 527 propria
265 435 340 507 ratio
362 435 518 507 relationis
540 435 681 506 consistit
703 433 735 503 in
755 454 818 522 eo,
847 436 939 523 quod
963 447 1021 507 est
1047 438 1089 506 ad
1113 440 1238 519 alterum,

118 540 202 623 unde
223 559 290 610 esse
311 538 376 610 eius
400 538 570 631 poprium,
587 539 672 630 quod
701 535 890 607 substantiae
919 539 1177 629 superadditur,
1198 560 1240 609 nou

120 643 222 714 solum
243 641 392 734 dependet
413 641 452 711 ab
472 662 538 712 esse
560 641 757 728 substantiae,
775 642 827 711 sed
848 639 949 710 etiam
975 643 1023 711 ab
1048 665 1121 714 esse
1141 643 1242 737 alictiu

121 743 280 815 exterioris
304 745 352 813 ¹».

167 847 219 917 Xl.
245 847 391 920 baiano
414 866 480 918 uon
503 838 598 918 raom
622 863 892 917 courosnrouuu.
925 845 999 916 Hoc
1024 847 1244 938 intelligiturle

121 949 279 1038 relatione,
302 960 451 1039 quatenus
478 948 569 1018 habet
589 969 651 1018 csse
673 947 715 1017 cd
729 948 826 1036 aliud,
842 969 899 1018 seu
923 961 1098 1039 quatenus
1121 954 1190 1021 eet
1206 951 1243 1019 al.

126 1074 142 1119 ι
167 1048 284 1123 Relatio
305 1053 473 1124 secuudum
493 1051 645 1122 rationem
659 1071 747 1121 suam
762 1071 825 1121 nou
839 1051 936 1133 habet
950 1053 1049 1142 quod
1075 1052 1119 1124 sit
1141 1053 1245 1142 aliquid,

122 1153 176 1222 sed
197 1154 298 1224 solum
320 1153 404 1243 quod
424 1153 464 1222 ad
486 1153 568 1223 aliud
597 1152 767 1236 reseratur,
802 1152 882 1222 unde
905 1155 1100 1225 mundum
1126 1155 1247 1233 rationum

124 1274 214 1325 suam
235 1276 299 1325 non
320 1253 407 1346 ponit
428 1252 545 1345 aliquid
575 1254 608 1323 in
629 1253 766 1324 subiecto
782 1251 829 1323 ²».
853 1252 893 1320 tt
919 1256 1057 1345 relatio,
1085 1267 1178 1347 prout
1195 1256 1248 1326 dicit

126 1357 172 1444 in,
195 1356 354 1447 componit
375 1376 448 1426 cum
471 1354 607 1425 subiecto
634 1356 684 1424 cui
707 1355 874 1424 inhaeres«
898 1354 1052 1445 Relatio,
1080 1382 1162 1449 quae
1180 1358 1249 1426 taut

123 1478 191 1530 esse
213 1456 246 1528 in
268 1468 418 1545 creatum,
442 1455 532 1526 habet
560 1456 740 1543 aliudesse,
765 1475 858 1547 quam
882 1455 927 1525 sit
949 1479 1028 1530 esso
1053 1461 1107 1531 sui
1131 1457 1262 1547 subiecti,

127 1561 210 1632 uude
230 1570 278 1631 est
299 1559 415 1649 aliquid
437 1559 520 1629 aliud
541 1580 560 1628 a
583 1580 641 1629 suo
663 1558 800 1628 subiecto
817 1559 864 1628 ³».

170 1662 239 1734 xtt.
263 1663 433 1736 licturus.
456 1683 554 1736 mora
577 1683 719 1734 rossuus
749 1684 792 1732 un
814 1683 900 1734 novo
926 1685 1149 1743 rnannrcam
1172 1689 1208 1736 on
1225 1686 1249 1735 a·

128 1785 223 1844 trouu
247 1786 372 1844 ausano.
395 1787 490 1839 nurus
514 1777 713 1838 nustricus.
740 1765 855 1854 Nempe
870 1765 934 1854 illa,
953 1789 1043 1856 quae
1067 1772 1200 1840 absotm
1216 1768 1250 1836 li·

127 1878 253 1955 cuntur,
266 1869 306 1939 si
320 1889 431 1939 novam
447 1868 594 1957 accipiant
613 1865 875 1956 praedicationem,
893 1880 1085 1954 mutantur;
1105 1885 1177 1961 puta
1197 1891 1251 1940 mu·

127 1978 211 2038 tatur
233 1968 341 2060 paries,
365 1989 437 2039 cum
460 1967 574 2039 dieitur
595 1967 662 2038 lieri
685 1959 788 2039 albus.
804 1968 881 2037 Hinc
905 1969 939 2037 io
962 1970 1003 2039 iis
1028 1973 1176 2062 ficriest
1194 1994 1248 2041 rnu

129 2066 200 2138 tari.
225 2069 266 2137 dt
286 2091 332 2163 ea,
355 2090 432 2160 quoe
464 2070 592 2140 rebatiue
623 2069 789 2157 dicuntur,
827 2083 959 2161 possunt
986 2075 1137 2166 accipere
1157 2095 1249 2147 novam

130 2171 407 2262 medicationem,
431 2173 545 2262 absque
578 2174 748 2245 mutatione
775 2173 868 2262 illius,
899 2175 952 2243 cui
975 2177 1059 2248 haec
1085 2178 1247 2271 praedicatio

127 2271 315 2344 attribuitur.
339 2273 377 2343 Ε.
402 2296 449 2365 g,
478 2296 493 2340 a
519 2275 604 2343 nulla
629 2274 799 2344 mutatione
814 2276 890 2344 laeta
913 2273 996 2344 circa
1023 2280 1137 2350 scibile
1160 2277 1246 2367 incipit

128 2395 195 2446 esse
216 2397 233 2444 a
256 2397 306 2446 me
329 2376 465 2465 scitum,
489 2396 543 2466 per
572 2374 633 2445 mei
663 2374 929 2455 mutationemls.
944 2377 1029 2446 Hinc
1055 2382 1088 2449 in
1112 2381 1162 2467 iis,
1184 2397 1245 2469 quae

128 2476 304 2547 huiusmodi
329 2486 414 2565 sunt,
438 2498 501 2547 non
523 2497 644 2548 necesse
666 2487 724 2565 est,
741 2489 778 2546 ut
792 2478 862 2567 boo,
877 2480 962 2567 quod
985 2480 1194 2573 diciturfieri,
1213 2478 1243 2550 sit

131 2588 309 2666 mutatum,
333 2580 405 2669 quia
428 2581 488 2651 boc
515 2590 614 2673 potest
636 2581 768 2650 accidere
802 2601 856 2670 per
876 2581 1088 2654 mutationem
1110 2585 1240 2656 alterius:

133 2702 148 2745 a
173 2680 328 2771 Contingit
348 2683 432 2772 quod
453 2683 493 2773 in]
514 2683 646 2763 relativis
669 2681 942 2772 praedicationibus
957 2683 1014 2752 liat
1041 2675 1185 2772 mutatio,
1204 2686 1237 2754 al·

129 2793 195 2854 tero
216 2794 426 2854 extremorum
447 2795 591 2872 mumto,
614 2787 709 2854 altero
731 2785 899 2854 invariabili
922 2799 1072 2858 manente
1089 2791 1139 2860 ⁵».
1164 2785 1238 2856 Ratio

128 2893 232 2954 autem
255 2885 347 2961 buius
368 2887 450 2958 ellati
471 2897 528 2977 est,
551 2888 691 2979 quiaaea,
708 2908 785 2976 quae
800 2889 938 2959 absolute
960 2887 1125 2977 dicuntur,
1149 2907 1239 2961 secun·

130 2987 207 3057 dum
229 2988 366 3078 proprias
389 2988 524 3058 rationes
553 2988 805 3080 ponuntaliquid
834 2988 867 3058 in
889 3007 928 3057 eo
951 2990 984 3058 in
1005 3012 1075 3080 quo
1097 2991 1238 3073 dicuntur,

129 3097 165 3157 ut
186 3089 363 3176 quantitas,
387 3098 419 3158 et
440 3089 587 3180 qualitas,
612 3090 850 3180 ethuiusmodi.
871 3144 880 3162 .
898 3146 907 3164 .
926 3090 1013 3162 Unde
1037 3115 1105 3164 non
1131 3101 1240 3186 possunt

129 3186 201 3277 dici,
224 3185 285 3259 uisi
307 3187 384 3260 illud
406 3199 544 3262 mutetur
567 3214 621 3284 per
640 3193 863 3282 susceptionem
879 3193 956 3282 eius,
973 3196 1061 3284 quod
1085 3196 1170 3286 prius
1190 3214 1240 3267 noo

129 3291 249 3365 babuit.
273 3290 332 3364 Sed
354 3291 462 3365 relatio
483 3297 653 3368 secuudum
681 3316 771 3367 suam
794 3293 943 3366 rationem
969 3316 1037 3366 non
1062 3298 1157 3370 babet
1176 3295 1243 3387 quod
1280 3304 1282 3313 '

173 3507 197 3577 ¹)
215 3507 298 3569 Cant.
320 3506 419 3583 (lent,
438 3508 488 3568 lib.
510 3508 557 3583 tv,
576 3523 604 3566 c.
624 3507 670 3579 ll.
964 3568 967 3573 .

173 3592 198 3660 ²)
215 3590 245 3648 ln
264 3591 314 3651 lib.
334 3593 344 3650 l
362 3594 457 3667 Seno,
475 3594 545 3654 Ditt.
566 3593 631 3670 XX,
649 3614 679 3670 q.
691 3594 721 3670 l,
740 3594 769 3658 ok
789 3594 804 3652 l
823 3598 880 3656 sol.

172 3672 196 3749 ³)
213 3676 291 3735 Jbtd.
312 3677 424 3738 oletum
443 3689 488 3737 est
506 3680 539 3738 tu
555 3680 864 3753 mensurandum
885 3678 945 3759 Deo
957 3679 1030 3738 nihil
1050 3686 1192 3760 est,quod
1208 3688 1244 3743 ba·
1277 3704 1282 3745 t

136 3759 185 3816 bet
200 3774 266 3820 esto
282 3762 361 3820 allud
379 3765 418 3821 ab
430 3765 506 3838 lpso;
517 3778 583 3824 esso
595 3765 675 3824 enlm
685 3767 844 3839 saptentiae
856 3777 900 3825 est
911 3766 1005 3838 ipsum
1018 3768 1092 3830 llsse
1116 3775 1245 3843 Divinum,
1274 3768 1282 3807 ·¹'

137 3856 167 3904 et
183 3859 240 3904 nou
259 3847 475 3929 supermdltum
491 3866 501 3924 ς
516 3859 546 3908 et
562 3847 695 3909 similiter
714 3867 778 3920 asse
798 3852 979 3910 Paternttatis
1000 3868 1028 3927 ις
1046 3854 1128 3915 toto.
1148 3859 1205 3917 lid.
1222 3872 1242 3928 p.
1278 3868 1282 3915 ¹.

136 3927 232 4002 stoa,
252 3930 300 3987 ubl
318 3931 596 4006 ettamexpttcatum
614 3945 669 4008 ost,
687 3936 756 4009 quid
774 3937 915 4010 significat
931 3937 1036 3999 dicere
1054 3945 1179 4010 oet-ln„

82 4065 85 4071 ,
175 4017 203 4087 ⁴)
220 4016 251 4072 tn
269 4015 320 4075 lib.
338 4015 376 4072 llt
394 4018 487 4089 sent,
507 4018 577 4076 Dist.
597 4020 620 4091 l,
638 4037 667 4094 q.
689 4021 711 4092 t,
729 4036 759 4079 a.
781 4021 792 4076 1
815 4023 851 4081 ad
873 4019 898 4077 1.

175 4102 200 4174 ⁵)
217 4100 248 4158 lo
267 4098 316 4159 lib.
335 4098 348 4156 l
366 4098 459 4175 Sunt,
478 4102 548 4161 litut.
569 4103 629 4178 xt,
646 4119 674 4176 q.
694 4104 716 4178 l,
735 4120 763 4163 n.
783 4106 801 4161 5
819 4108 875 4165 sel.

47 4288 52 4299 Ὶ

120 4428 123 4433 .
468 4446 520 4455 ,Ι
598 4428 651 4469 ..ι
753 4468 756 4473 Ι

112 4510 115 4515 ι
227 4488 265 4515 ι.
676 4492 734 4515 ἱιΙ

5 4638 9 4645 Ι
86 4616 115 4623 .·
300 4638 304 4645 ι
869 4618 879 4631 ἱ

53 4720 95 4751 1·
223 4708 252 4749 ,ι
341 4708 369 4733 Ι.
