2760 4770
166 230 233 299 310
599 228 693 296 -tt
724 266 756 279 -

121 363 185 411 reon
199 353 308 414 arrideo
322 355 367 414 est
384 345 487 413 uadem
509 364 544 412 ac
559 343 666 412 relatio
682 347 846 432 mirram
862 342 983 431 existit,
1002 332 1085 412 cum
1100 343 1185 431 ordo,
1198 362 1241 432 que

125 464 225 512 unum
249 447 285 514 nd
311 447 392 515 aliud
417 447 558 533 refertur,
591 446 644 515 uni
669 458 788 515 tuntum
811 456 952 516 extremo
977 444 1080 514 inest.
1106 445 1184 516 'lulis
1202 456 1242 530 at,

125 546 172 614 uti
196 547 341 636 diximus,
368 548 471 619 relatio
494 550 574 618 inter
597 548 692 618 Deum
720 559 750 616 et
772 561 953 629 ereaturus;
981 540 1073 617 inter
1097 546 1242 627 seientiam,

125 655 156 714 et
178 647 332 717 obiectum
354 649 431 738 eius,
455 662 528 733 etc.;
557 648 704 740 siquidem
727 659 866 719 creatura
888 649 1065 719 ordinatur
1089 651 1130 718 ad
1153 651 1242 735 Deum,

128 769 192 817 nou
217 770 289 818 uero
312 750 392 821 Deus
415 753 451 820 ud
480 763 650 821 creaturam
669 750 693 831 ¹;
718 750 803 838 item,
831 749 960 820 scientia
984 751 1142 822 ordinem
1168 752 1244 820 iurul-

125 852 167 921 vit
192 854 228 921 ud
252 877 343 924 suum
366 857 532 940 obiectum,
557 876 622 925 non
647 877 717 924 vero
740 853 798 924 boe
819 854 857 924 ad
881 854 980 923 illam.

170 954 235 1025 XX.
259 956 404 1028 [tammo
421 957 1244 1029 rituusceuuenmute-entautcuuenrants.Trous-

125 1056 367 1139 redeuntium
383 1061 548 1129 recaredum
569 1060 630 1128 diei
649 1057 751 1127 existit
769 1056 798 1125 in
815 1057 861 1144 its,
875 1078 957 1146 quae
971 1078 1014 1126 ex
1032 1079 1094 1127 sua
1111 1057 1245 1148 principali

125 1156 346 1245 significatione
361 1160 507 1229 denotant
522 1181 587 1229 rem
603 1159 785 1240 absolutum3
801 1156 845 1228 ex'
867 1160 974 1230 minus
1007 1179 1090 1230 vero
1107 1156 1245 1251 prineimli

127 1268 159 1328 et
179 1264 354 1331 secundaria
378 1263 598 1355 significatione
622 1263 751 1331 indicam
779 1261 956 1330 relationem
975 1292 985 1348 3
1017 1259 1196 1330 cuiusmodi
1214 1269 1247 1328 ert

128 1362 235 1450 relatio
258 1363 337 1434 inter
358 1367 502 1437 virtutem
524 1381 555 1438 et
584 1368 714 1455 vitium,
739 1368 817 1436 intur
839 1366 997 1436 entitatem
1027 1368 1154 1457 partis,
1175 1376 1247 1457 atque

127 1464 224 1533 totius
243 1469 609 1557 ete.Praedicuutrntelis,
640 1470 687 1541 vel
708 1469 875 1539 redundare
895 1480 971 1557 esse,
995 1470 1114 1538 locum
1130 1466 1247 1537 bubetit

130 1563 177 1653 iis,
201 1587 336 1656 quorum
362 1583 423 1640 tota
452 1573 579 1644 essentia
613 1571 751 1643 consistit
775 1573 806 1641 in
830 1593 908 1663 puro
931 1583 1082 1663 respectu
1108 1571 1248 1644 etudine

128 1667 168 1735 ad
192 1669 284 1756 aliud,
311 1671 350 1741 ita
375 1685 410 1743 ut
434 1675 589 1766 principali
619 1674 840 1766 significatione
871 1673 950 1742 nihil
979 1674 1073 1744 aliud
1112 1673 1247 1759 innuant,

130 1790 223 1858 quam
247 1775 437 1846 relationem.
461 1776 644 1845 Huiusmodi
673 1787 719 1847 est
742 1775 846 1845 relatio
869 1774 949 1843 inter
965 1785 1093 1863 patrem
1109 1786 1141 1846 et
1155 1774 1247 1859 lilium,

131 1872 212 1942 inter
233 1874 393 1945 dominum
416 1887 446 1945 et
470 1876 623 1948 serrum²
646 1889 705 1947 ete.
738 1878 854 1947 Relatio
868 1878 1154 1947 transcendentem
1167 1878 1204 1946 ita
1215 1876 1249 1943 di·

130 1977 222 2062 citur,
246 1978 318 2068 quia
342 1991 469 2070 vagatur
491 2001 543 2069 per
565 1980 666 2049 omnia
697 1983 948 2071 praedicamenta;
974 1999 1056 2048 nam
1073 1993 1106 2050 et
1121 1977 1249 2070 quaelibet

126 2078 314 2167 substantia,
339 2093 370 2150 et
392 2084 548 2171 quodlibet
569 2083 707 2152 accidens
731 2081 952 2171 potestatique
977 2083 1082 2152 modo
1107 2080 1248 2153 relerriad

131 2179 227 2247 aliud.
243 2182 533 2252 Praedicuueentelis
555 2194 657 2253 autem
687 2181 848 2252 constituit
869 2203 966 2251 unum
989 2204 1032 2254 ex
1058 2187 1167 2255 decem
1186 2192 1248 2253 ette-

131 2279 226 2370 goriis
242 2282 267 2352 ³.
292 2282 378 2352 Unde
400 2286 566 2371 appellatur
587 2285 676 2353 etium
700 2287 879 2374 cuteqorica.

176 2383 222 2450 Ex
246 2384 335 2454 variis
360 2386 538 2454 relationum
561 2384 820 2473 distinctionibus,
845 2405 921 2474 quas
949 2385 1187 2472 recensuimus,
1206 2384 1244 2453 de

130 2484 253 2565 ducitur
269 2507 383 2555 nomeu
403 2488 576 2574 relationis,
601 2499 631 2555 et
653 2486 820 2556 relatorum
844 2484 923 2554 sumi
949 2485 1059 2556 tribus
1077 2487 1141 2557 lere
1155 2485 1241 2569 modis,

132 2604 241 2674 nempe
264 2586 412 2657 ditissime
435 2610 491 2678 pro
519 2588 626 2679 quavis
650 2590 805 2677 relatione,
830 2587 891 2657 sire
910 2587 1001 2676 reali,
1031 2589 1100 2658 sive
1115 2588 1240 2667 rutumr

130 2686 192 2756 tue
214 2707 269 2776 pro
291 2691 354 2758 sola
377 2691 530 2778 reuli,siue
552 2692 720 2777 culeemieu
743 2689 794 2758 illa
816 2689 865 2774 sit,
889 2688 953 2758 sive
969 2687 1239 2767 transcenderet

132 2792 260 2878 proprie
282 2797 310 2858 et
333 2795 435 2862 stricte
458 2812 514 2884 pro
540 2796 604 2863 sola
625 2794 804 2881 euteqorieu.
829 2790 908 2860 Haec
929 2792 1060 2881 quippe,
1087 2803 1124 2862 ut
1144 2814 1178 2862 ex
1197 2793 1240 2860 iant

132 2889 220 2959 dictis
241 2892 412 2983 colligitur,
437 2896 592 2964 delinitur:
617 2894 763 2964 Aeaeae
791 2891 886 2981 recle,
909 2893 998 2961 euius
1021 2900 1126 2964 totum
1147 2897 1240 2963 meet

131 2993 174 3062 ad
195 2994 282 3064 uliud
303 3016 335 3064 se
356 2996 476 3064 bubme.
509 2993 623 3064 Dicitur
644 2995 792 3082 accidens,
824 3001 949 3061 tumul
973 2992 1187 3086 distinguatur
1203 3010 1238 3063 et·

135 3200 219 3242 mero
239 3185 409 3240 relationem
429 3186 457 3240 tu
477 3196 600 3254 utroque
618 3194 828 3253 eetremorum,
849 3185 919 3253 quia
936 3198 1031 3242 unum
1050 3186 1238 3246 arabeum

133 3277 178 3326 eet
195 3271 226 3326 in
244 3270 357 3326 decorius
374 3271 535 3342 subiectis,
554 3272 649 3327 subdit
674 3271 751 3326 eirea
773 3270 928 3328 relationes
955 3273 1239 3344 aequiparandae

136 3351 412 3424 diequrburaun'ae:
437 3368 451 3410 t
472 3355 640 3425 Dicendum,
659 3356 735 3425 quod
753 3354 782 3409 iu
802 3361 925 3425 utroque
943 3364 1147 3414 extremorum
1165 3368 1202 3416 est
1215 3371 1238 3413 ι-

138 3453 174 3494 nu
194 3439 297 3496 relatio
317 3440 451 3497 differens
470 3442 506 3495 ab
518 3442 574 3496 alie
590 3442 616 3496 in
631 3441 800 3511 uiribusdum
814 3440 973 3496 secuudum
986 3442 1129 3515 speeiem,
1142 3445 1208 3503 sieut
1218 3442 1238 3499 iu

136 3523 207 3595 illis,
226 3540 302 3597 quae
321 3527 442 3584 diversis
461 3528 625 3582 nominibus
646 3529 777 3596 utrinque
797 3525 1005 3593 nominantur,
1028 3537 1062 3583 ut
1080 3529 1238 3598 pareretur,

137 3618 167 3665 et
184 3609 295 3667 filiatio.
314 3612 367 3667 Sed
388 3613 416 3668 in
435 3612 604 3687 quibusdam
625 3628 681 3667 uon
702 3611 839 3667 differunt
857 3609 964 3681 speeie,
984 3614 1037 3667 sed
1052 3628 1176 3670 numero
1193 3622 1239 3669 tiu·

140 3701 224 3767 tum,
242 3696 315 3753 sieut
332 3699 446 3766 quando
466 3709 619 3769 utrumque
636 3707 679 3755 est
698 3714 787 3753 unum
807 3712 929 3769 nornen,
950 3707 981 3754 ut
1000 3699 1029 3753 iu
1051 3701 1238 3769 similitudine,

138 3787 168 3835 et
185 3779 368 3850 aequalitate3
389 3791 417 3837 et
437 3789 504 3837 tune
524 3783 637 3853 relatio,
656 3791 792 3852 quaeest
811 3781 839 3836 in
859 3796 937 3853 uno,
957 3782 1034 3840 sicut
1054 3783 1239 3852 incubitum,

138 3863 221 3920 estin
235 3865 339 3935 altero,
358 3866 432 3924 sieut
449 3866 477 3922 iu
498 3866 633 3937 terminu,
647 3875 676 3923 et
688 3882 705 3924 e
717 3881 860 3925 converso
876 3882 902 3936 »ς
917 3866 947 3923 lu
962 3868 1013 3923 lib.
1029 3868 1041 3923 l
1056 3871 1127 3930 Dist.
1140 3866 1240 3939 xxttt,

137 3967 165 4020 q.
186 3951 208 4016 l,
226 3966 253 4006 a.
276 3949 286 4004 l
309 3953 344 4006 ud
364 3951 392 4009 2.

174 4035 197 4105 ¹)
220 4051 233 4092 t
254 4037 329 4093 Deus
348 4039 455 4093 turrilum
488 4038 572 4093 babet
590 4037 617 4093 in
647 4053 699 4094 uos
719 4039 879 4094 naturalem
899 4038 1125 4120 habitudinem,
1143 4056 1241 4105 settle

136 4117 271 4180 lationem
292 4139 319 4192 r3
339 4124 427 4181 etum.
449 4124 541 4196 Alex,
561 4124 680 4194 Serum,
702 4124 751 4179 lib.
773 4125 805 4193 tt,
828 4140 855 4181 u.
877 4121 921 4179 16.

173 4204 198 4278 ²)
218 4206 239 4281 l,
253 4226 283 4280 ,q.
306 4209 378 4282 xttt,
399 4225 425 4266 e.
445 4207 463 4265 7
482 4225 507 4269 e.
523 4240 556 4256 -
572 4209 594 4283 ³)
615 4210 674 4269 vid.
695 4226 721 4281 p.
743 4209 806 4267 260.
