2760 4770
186 244 252 316 ‘278
614 281 658 294 —
682 243 770 310 1¹-

130 368 188 447 ter,
213 369 365 450 quatenus
388 380 497 449 nempe
518 359 593 430 boec
616 370 690 427 sunt
712 379 783 445 res,
821 356 875 427 sed
909 353 1099 449 formaliter
1126 344 1252 444 spectetis

133 463 269 532 exoritur
294 463 317 537 ¹:
344 462 388 530 sie
413 461 487 530 risio
508 461 567 528 albi
591 472 622 530 et
638 460 712 530 risio
729 460 808 550 nigri
824 460 978 550 pertinent
992 460 1034 528 ud
1053 457 1195 528 eontdetn
1209 474 1253 542 po·

132 564 270 652 tentiam,
293 574 444 653 qttateuus
466 563 526 631 sub
546 561 674 651 [ermeli
696 564 812 630 mtinne
839 561 981 647 visibilis,
1020 559 1106 630 idest
1141 554 1253 627 luminis

126 676 160 736 et
180 663 302 752 coloriS,
326 685 344 734 e
367 663 435 735 risu
457 663 669 752 attinguntur.
694 661 824 749 Rursus,
852 660 998 730 ediversi
1019 671 1117 731 aetus
1132 661 1254 728 indicent

120 768 331 837 differentium
354 768 561 858 potentiorum
585 775 659 836 tunc
685 775 817 854 mutum,
840 765 966 855 quaudo
989 784 1059 833 non
1077 773 1206 852 possunt
1226 761 1253 827 in

131 870 212 939 idem
237 869 420 959 principium
454 867 561 938 relerri
586 864 633 935 ²»
655 889 664 950 ;
695 869 799 955 unde,
830 886 861 937 e.
885 888 946 957 g.,
971 865 1254 957 apprehenderes

28 996 38 1007 ’
129 975 246 1043 moueri
268 974 305 1041 ad
328 969 460 1040 diversas
484 968 645 1061 potentias,
667 987 685 1036 e
707 967 873 1056 contrario,
896 988 1025 1038 currere
1064 977 1099 1037 et
1121 967 1252 1051 necrol,

131 1076 256 1167 opirturi
276 1084 308 1143 ct
329 1073 452 1142 eredere
473 1071 510 1140 nd
533 1073 672 1141 eamdem
697 1071 849 1161 portinent
872 1073 1046 1163 potentium
1068 1071 1095 1136 ³.

176 1175 377 1246 tutulum
393 1197 426 1245 ru
442 1193 633 1251 uuoenoouu
649 1194 777 1244 ouueun
793 1195 854 1244 osr
870 1193 973 1244 ctdsn
988 1192 1215 1246 cuu‘renouuu
1229 1171 1251 1238 ⁴.

130 1281 196 1349 lloe
218 1279 342 1348 olintum
367 1279 479 1368 ubique
503 1287 592 1369 potet.
618 1276 667 1345 Sie
690 1278 772 1346 enim
794 1277 957 1346 cuiuslibet
992 1277 1125 1366 generis
1146 1273 1253 1344 entium

132 1383 225 1471 Ileus,
250 1383 314 1455 uns
337 1382 475 1450 obsolute
503 1379 650 1471 primum,
675 1391 721 1450 est
743 1401 863 1463 cousu3
889 1380 986 1466 item,
1009 1401 1093 1449 cum
1127 1378 1167 1449 sit
1202 1375 1254 1467 pri·

132 1508 219 1556 mum
242 1485 370 1571 bonum,
393 1493 439 1553 est
463 1485 531 1552 lons
553 1485 656 1554 omnis
680 1482 833 1569 bonitatis,
849 1492 940 1573 atque
955 1493 1071 1571 utpote
1097 1481 1253 1572 primave

131 1588 218 1677 ritus,
241 1599 288 1656 est
309 1606 399 1655 ceusu
422 1585 525 1658 omnis
550 1587 685 1657 veritatis
706 1589 731 1655 ⁵.
758 1586 791 1656 ln
816 1585 1016 1671 noturolibus,
1043 1585 1096 1654 sol
1112 1593 1254 1653 esteuuu

81 1723 88 1735 ·
132 1690 208 1759 lueis
232 1689 261 1758 iu
284 1689 429 1759 omnibus
451 1690 554 1776 astris,
570 1711 648 1779 qme
670 1691 708 1758 ud
730 1682 860 1782 systema
883 1687 981 1759 solare
998 1686 1160 1778 pertinent
1184 1686 1210 1756 ⁶.
1229 1682 1256 1749 ln

132 1791 350 1876 artificialibus,
377 1791 472 1880 primo
496 1791 646 1881 horologii
669 1803 735 1860 rotn
758 1805 891 1862 caeteros
914 1809 1023 1861 omues
1042 1789 1141 1879 repit.
1167 1786 1202 1855 ln
1216 1787 1254 1852 in·

134 1898 267 1979 tellectu,
292 1905 323 1963 et
348 1895 514 1983 voluntate,
539 1893 637 1982 primu
659 1895 804 1984 cognitio,
821 1893 934 1964 seilicet
956 1894 1071 1962 notitia
1089 1892 1253 1982 primorum

131 1996 362 2086 principiorum,
387 2008 434 2066 est
457 1997 524 2066 lons
546 2010 577 2065 et
599 1998 688 2088 origo
713 1998 852 2067 omnium
882 1995 1113 2079 scientiarum
1137 2006 1170 2064 et
1199 1994 1255 2084 pri-

128 2119 180 2169 ma
204 2097 321 2182 volitio,
353 2097 468 2167 scillcet
483 2119 570 2167 umor
594 2098 692 2167 ultimi
726 2099 805 2185 linis,
825 2110 871 2168 est
892 2097 1080 2188 principium
1113 2110 1147 2168 et
1177 2097 1256 2168 mdlx

128 2201 271 2269 omnium
289 2199 484 2270 rolitiouum.
504 2199 537 2269 ln
561 2202 740 2287 tuorulibus,
755 2204 851 2290 primu
866 2202 972 2288 virtus,
989 2201 1113 2270 scilicet
1130 2203 1256 2292 pruden-

130 2301 184 2390 tie,
209 2311 339 2372 meteres
363 2304 488 2370 virtutes
512 2301 589 2390 regit
612 2314 642 2371 et
666 2315 780 2372 moret.
806 2302 839 2370 ln
864 2300 1005 2390 politicis,
1031 2304 1137 2392 primu
1158 2302 1255 2393 digni·

130 2417 188 2494 tes,
212 2406 322 2476 scilicet
347 2405 438 2496 regia,
464 2405 623 2475 constituit
651 2418 795 2494 caeteros,
831 2415 892 2476 etc.
917 2406 1056 2476 Evidenti
1083 2421 1189 2479 autem
1212 2429 1252 2478 me

130 2508 213 2579 tione
239 2509 336 2597 ipsum
359 2510 485 2578 ellatum
520 2508 680 2578 evincitur.
719 2507 833 2576 Natum
861 2508 942 2578 enim
971 2510 1120 2584 ordinate
1154 2533 1250 2602 procc-

129 2610 202 2690 dtr,
227 2611 309 2701 utqui
334 2613 448 2680 ordinis
472 2612 708 2681 fundamentum
732 2611 891 2682 constituit
920 2613 1127 2704 dependentia
1158 2627 1250 2704 poste·

126 2713 216 2782 rioris
245 2736 262 2780 a
293 2715 407 2804 priori;
444 2726 535 2804 utque
570 2714 786 2804 dependentium
819 2715 1054 2785 fundamentum
1093 2719 1247 2789 constituit

127 2815 309 2902 causalitus3
334 2839 418 2907 ergo,
443 2829 478 2887 ut
500 2829 638 2889 serretur
661 2818 738 2887 ordo
759 2816 794 2884 'in
812 2819 913 2906 rebus,
937 2839 1061 2890 neeesse
1086 2831 1135 2891 est
1156 2832 1246 2912 poste·

129 2917 211 2987 riom
233 2921 437 3019 dependeret}
463 2922 626 3012 prioribus,
654 2922 841 3012 proindeque
876 2922 1011 3012 primum
1045 2925 1081 2995 in
1117 2928 1246 3018 quolibet

128 3043 240 3112 genere
269 3044 333 3093 esse
355 3045 479 3094 causum
514 3036 715 3094 meterorum.
747 3025 864 3094 Exinde
896 3035 976 3114 patet
1002 3027 1053 3096 bic
1079 3049 1244 3099 sermonem

126 3125 192 3194 fieri
216 3125 253 3194 de
278 3126 388 3216 primo,
412 3148 484 3195 cum
507 3150 570 3218 quo
592 3138 707 3196 caetera
743 3129 964 3199 connexionem
999 3131 1130 3203 babent.
1165 3120 1243 3205 und

128 3248 185 3296 nee
209 3227 324 3313 primus
348 3230 536 3319 Angelorum
559 3243 606 3301 est
630 3232 752 3301 illorum
778 3253 880 3301 cerusa.

175 3328 254 3399 xxt.
267 3329 392 3401 mmm
408 3353 535 3405 uovutts
551 3354 655 3405 benur
672 3355 750 3404 usse
766 3355 933 3407 tuuoutou.
946 3334 1046 3406 Omne
1061 3338 1159 3429 enim,
1174 3334 1245 3428 quod

126 3443 276 3521 movetur,
299 3433 337 3502 ab
360 3434 418 3504 ulio
442 3446 598 3504 moveatur
627 3449 759 3527 oportet.
797 3441 857 3507 lam
892 3459 963 3509 uero
986 3439 1011 3509 si
1037 3439 1139 3530 illud,
1171 3440 1243 3532 quel

127 3548 238 3620 innuet,
262 3536 301 3603 ab
323 3535 383 3606 alio
407 3547 557 3625 movetur,
581 3549 611 3607 et
633 3539 691 3609 boc
715 3560 821 3608 rursus
844 3540 883 3607 ub
905 3541 994 3630 olio,
1027 3543 1069 3612 itu
1096 3559 1133 3616 ut
1162 3568 1245 3616 nuut-

125 3657 218 3726 quum
241 3637 418 3706 deveniutur
440 3640 478 3707 ad
503 3639 636 3728 primum
658 3662 784 3713 movens
799 3641 929 3712 omniuo
951 3643 1126 3741 immobile,
1143 3661 1245 3742 proue-
1293 3660 1295 3667 '

166 3829 189 3896 ¹)
209 3828 271 3885 vid.
292 3829 438 3886 obtectum
455 3830 789 3908 formale-materiale,
808 3850 836 3907 p.
856 3831 921 3894 tto.

161 3915 186 3981 η
205 3912 293 3984 rere,
312 3935 339 3986 q.
362 3914 422 3985 xv,
442 3933 469 3972 a.
494 3916 505 3969 t
525 3932 552 3974 o.

167 3995 191 4065 ³)
212 3998 300 4068 thid,
320 4015 348 4055 n.
367 4000 385 4054 2
406 4001 443 4056 ad
465 3999 508 4058 12.

163 4083 189 4153 ⁴)
208 4084 269 4141 vm.
285 4101 310 4153 ρ.
328 4083 387 4141 tot.

161 4169 186 4241 5)
205 4170 268 4224 Vid.
289 4172 488 4247 ulbertum,
507 4173 529 4246 l,
549 4193 579 4249 q.
600 4174 633 4248 ll,
648 4174 749 4235 tudo.

161 4253 185 4323 ὅ)
203 4252 264 4314 tid.
280 4269 307 4326 p.
320 4254 385 4314 tot.
