2744 4770
244 263 284 332 86
674 298 718 312 -
742 262 764 330 C
788 294 832 311 -

194 389 239 469 nt
262 378 288 449 si
316 377 535 446 contmriorum
571 397 668 444 unum
705 377 734 443 in
759 370 861 444 rerum
888 369 996 445 natura
1028 375 1160 462 existat,
1185 375 1312 446 alterum

127 500 135 519 r
194 481 284 550 etiam
307 479 434 550 existere
456 500 577 548 necesse
599 480 650 562 sit;
675 478 820 567 siquidem
844 478 925 545 haud
942 487 1107 567 repugnat,
1132 498 1159 546 e.
1186 499 1233 568 g,
1250 497 1315 543 om·

194 584 245 654 nia
263 585 400 653 colorata
423 604 488 652 esse
508 584 587 652 alba:
628 603 642 646 r
669 581 808 673 Amplius
841 591 943 649 autem
969 582 1000 649 in
1024 580 1183 650 contrariis
1218 579 1316 650 consi-

195 688 329 756 derando
351 707 413 755 non
436 697 482 754 est
503 688 719 772 necessarium,
745 686 826 776 qnod
850 685 874 753 si
899 687 1028 753 alterum
1052 684 1241 754 contrarium
1265 681 1315 768 sit,

93 798 96 803 ’
196 791 348 880 reliquum
386 789 424 858 sit
446 811 482 859 ex
521 787 707 858 necessitate.
751 787 781 855 Si
820 787 901 856 enim
933 807 1081 878 ponamus
1111 785 1214 856 omnia
1252 784 1314 851 ani·

196 893 284 960 malia
307 913 372 961 esse
396 915 488 978 sana,
514 903 587 959 tunc
610 912 662 980 per
695 893 786 959 talem
809 891 1001 981 hypothesim
1036 890 1149 958 sanitas
1172 897 1242 974 est,
1266 886 1317 953 sed

197 995 332 1083 languor
354 1015 417 1062 non
433 1007 491 1076 est;
508 993 643 1062 similiter
666 995 690 1062 si
714 1014 863 1081 pommus
886 1013 977 1060 ornne
992 1013 1105 1083 eorpus
1121 993 1318 1061 terminatum

198 1117 264 1166 esso
285 1097 402 1175 album,
430 1107 502 1162 tunc
523 1096 629 1163 alliodo
652 1095 773 1184 quidem
797 1104 854 1178 est,
880 1094 1008 1184 nigredo
1031 1104 1133 1161 autem
1149 1113 1213 1162 non
1228 1104 1317 1180 esset,

199 1197 267 1286 quia
291 1197 315 1264 si
338 1207 427 1282 esset,
452 1207 603 1284 oporteret
625 1196 707 1284 quod
729 1205 808 1264 esset
832 1195 861 1264 in
885 1195 987 1283 aliquo
1002 1216 1129 1286 corpore
1143 1196 1317 1282 terminato,
1363 1246 1365 1283 ÷

200 1301 323 1368 attalia
350 1301 508 1390 posuimus
530 1298 633 1366 omnia
670 1319 733 1367 esse
756 1300 821 1366 alln
846 1299 857 1338 ¹
884 1323 913 1367 v.
939 1296 972 1365 3⁰
997 1297 1097 1366 Potest
1129 1299 1221 1366 etiam
1245 1299 1318 1367 illnd

200 1402 323 1471 allatum
346 1401 487 1492 explicari
511 1402 570 1469 hoc
595 1402 697 1470 modo:
724 1401 955 1470 Contrariorum
979 1419 1043 1467 uno
1061 1401 1168 1487 posito,
1186 1403 1316 1470 alterum

201 1505 326 1594 ponitur
348 1512 430 1589 octar,
456 1506 500 1571 vol
521 1505 656 1594 potentio
680 1505 710 1571 in
734 1504 793 1571 alio
816 1501 964 1572 subiecto.
995 1502 1081 1582 Quod
1105 1501 1129 1571 si
1152 1503 1316 1591 aliquando

201 1606 232 1675 in
255 1609 362 1675 eodem
396 1607 532 1674 subiecto
557 1606 697 1696 ponitur,
733 1604 967 1695 intelligendum
1000 1617 1046 1674 est
1074 1606 1111 1674 de
1134 1603 1317 1688 contrariis,

203 1731 280 1798 quae
296 1710 346 1778 ‘illi
372 1709 476 1777 insunt
500 1709 695 1798 mutabiliter,
720 1719 811 1798 atque
833 1709 906 1776 haec
929 1727 991 1776 non
1015 1706 1073 1776 nisi
1096 1702 1322 1792 stromoncort

202 1812 264 1882 alio
286 1821 375 1900 atque
398 1811 458 1879 alio
481 1821 616 1898 tompore
639 1820 809 1901 ponuntur,
841 1830 1012 1899 numquam
1036 1827 1107 1876 vero
1130 1813 1201 1876 actu
1223 1816 1253 1874 et
1276 1826 1322 1874 re

203 1926 305 2004 spectu
329 1916 463 1984 eiusdem
488 1933 617 1982 altmaro
645 1912 785 2000 subiecti,
810 1913 1009 2002 eiusdemque
1033 1909 1177 2001 temporis
1202 1907 1228 1976 ².
1247 1907 1323 1978 Hinc

203 2018 285 2086 alind
309 2019 434 2087 allatum
458 2017 619 2086 enascitur:

247 2120 341 2189 llllll.
365 2121 623 2191 Covrnlmomnr
648 2142 710 2192 uuo
735 2142 861 2205 rostra,
880 2141 1030 2191 uacrrua
1056 2139 1220 2190 turanum.
1237 2113 1323 2196 Onod

204 2221 434 2311 intelligendum
458 2232 503 2289 cst
526 2223 563 2290 de
585 2223 744 2291 contrariis
761 2221 950 2308 immediatis,
968 2242 1046 2310 quae
1063 2241 1172 2309 nempe
1189 2217 1321 2286 medium

203 2326 285 2394 inter
307 2346 338 2395 se
361 2325 548 2414 excludunt,
572 2336 662 2413 atque
687 2337 824 2414 respectu
858 2325 994 2396 eiusdem
1033 2345 1162 2394 ottocaro
1185 2320 1321 2390 subiecti.

204 2427 254 2496 Sic
277 2427 383 2495 Petrus
418 2447 510 2496 sanus
535 2438 664 2516 negatur
686 2450 752 2497 esse
775 2449 876 2516 aeger.
914 2429 966 2496 Vel
990 2427 1082 2495 ctiam
1105 2427 1144 2494 de
1166 2421 1323 2493 contrariis

204 2530 354 2618 irradiatis,
371 2531 421 2597 sed
447 2529 487 2596 ita
513 2540 559 2613 ut,
578 2549 641 2597 uno
665 2531 774 2618 posite,
800 2531 929 2597 alterum
953 2539 1095 2619 negetur,
1113 2539 1156 2614 at,
1172 2547 1238 2595 uno
1255 2525 1323 2596 sub-

204 2635 278 2719 lato,
304 2655 365 2702 non
389 2631 446 2702 nisi
470 2632 684 2720 contingenter
706 2642 837 2721 ponatur
860 2633 1005 2718 alterum,
1032 2642 1077 2718 ut,
1103 2629 1127 2697 si
1154 2630 1254 2719 paries
1282 2636 1324 2695 est

206 2737 305 2822 albus,
330 2756 393 2803 non
418 2745 516 2822 potest
539 2734 617 2801 idem
642 2753 706 2803 csse
729 2733 825 2822 niger,
852 2734 959 2801 saltem
984 2755 1043 2823 qua
1068 2742 1152 2821 parte
1167 2732 1255 2798 albus
1270 2739 1323 2815 est,

206 2839 256 2908 sin
280 2837 367 2906 albus
389 2858 452 2904 non
475 2848 530 2922 est,
549 2859 610 2907 non
635 2837 773 2925 sequitur
795 2837 974 2925 necessarie,
999 2847 1034 2903 ut
1065 2835 1104 2904 sit
1134 2833 1234 2922 niger,
1258 2831 1324 2921 quin

209 2951 388 3029 potestesse
412 2940 502 3006 ruber
527 2940 550 3008 ³.

254 3043 360 3109 XXXl.
387 3043 644 3110 Conraamonun
679 3061 767 3108 unuu
801 3060 925 3108 sennan
961 3056 1020 3109 asr
1055 3057 1209 3107 rntvarro
1233 3056 1325 3106 aare·

209 3167 291 3215 mus.
317 3147 385 3223 Quo
407 3145 497 3210 allato
522 3164 582 3210 non
608 3144 680 3210 illud
706 3142 918 3230 significatur,
942 3144 1071 3211 alterum
1106 3142 1326 3210 contrariorum

208 3255 284 3314 esse
296 3246 468 3333 ferrreoliter
492 3245 688 3335 privationem
713 3245 848 3328 alterium
873 3246 924 3314 sed
949 3266 1046 3313 unum
1069 3244 1324 3314 contrarium-in-

210 3350 288 3416 lerre
313 3347 511 3435 privationem
534 3349 670 3415 alterius.
698 3345 746 3414 Sic
770 3346 878 3414 vitium
903 3347 994 3414 insert
1016 3345 1218 3435 privationem
1237 3345 1327 3412 virtu·

211 3451 262 3536 tis,
288 3450 383 3537 frigus
404 3447 575 3517 caliditatis.
599 3448 676 3516 Cura
700 3447 781 3514 enim
805 3447 954 3516 contraria
977 3468 1009 3518 se
1033 3458 1142 3516 mutuo
1163 3467 1200 3515 ex
1225 3447 1327 3515 eodem

211 3553 347 3621 subiecto
370 3551 530 3638 expellant,
557 3570 676 3618 necesse
699 3561 755 3636 est,
780 3559 827 3636 ut,
850 3549 1035 3638 ubicumque
1050 3560 1095 3618 est
1110 3552 1240 3617 alterum
1257 3567 1327 3616 con·

211 3655 403 3738 trariornm,
429 3652 468 3718 ilvi
492 3652 616 3720 alterius
638 3655 677 3719 sit
700 3652 840 3740 privatio.
872 3653 926 3722 llel
948 3655 1041 3722 etiam
1064 3653 1209 3742 explicari
1233 3658 1329 3742 potest

210 3759 269 3825 hoc
290 3777 393 3825 sensu:
421 3756 523 3824 Unum
548 3755 738 3823 contrarium
762 3766 808 3823 est
830 3755 1095 3843 imperleetnm'et
1116 3755 1262 3824 deficiens
1285 3773 1328 3822 re·

212 3869 316 3948 spectu
340 3859 475 3942 alterius,
503 3867 536 3924 ut
560 3877 700 3924 amarum
724 3865 861 3943 respectu
885 3855 1008 3942 dulcis,
1033 3856 1159 3945 ideoque
1182 3877 1257 3925 eum
1280 3856 1328 3924 illo

211 3961 412 4050 permodum
437 3959 613 4050 privationis
635 3970 843 4049 comparatum
868 3957 894 4026 si
918 3959 1044 4048 quidem
1067 3959 1150 4048 rpuod
1168 3959 1327 4050 perfectius

251 4191 274 4258 ³)
293 4191 321 4244 B.
344 4192 406 4247 dlb.
427 4191 477 4259 ll,
501 4178 540 4246 De
560 4191 756 4262 arcadicum,
778 4200 862 4250 tract.
884 4188 943 4264 vtt,
964 4207 990 4250 c.
1014 4188 1057 4248 lt).

250 4278 274 4352 2)
296 4279 355 4335 vn.
377 4295 402 4349 p.
424 4277 515 4336 mm.
537 4306 571 4322 -
592 4277 614 4350 ³t
634 4277 693 4334 vn.
714 4291 740 4347 p.
763 4272 808 4334 oc.
1101 4282 1106 4290 ·
