2760 4770
174 242 241 315 ttn
606 246 754 314 -Ι-

125 360 258 450 privatio
281 357 540 450 inperfectionem
568 362 731 452 designet,
755 383 833 452 quae
856 362 947 453 longe
970 384 987 433 ε
1012 362 1079 432 Dee
1102 371 1163 431 est.
1188 357 1254 427 tnti-

125 466 226 533 nitunt
248 475 350 535 nutent
373 464 490 534 dietum
518 465 657 553 repetire
677 464 820 534 convenit
848 464 921 552 Deo,
941 489 957 531 ι
982 466 1016 534 in
1039 473 1197 554 quantuni
1219 459 1253 528 nd

126 565 255 653 omniu,
279 567 412 656 quaein
435 566 503 656 ipso
530 578 627 648 sunt;
651 569 722 655 quia
751 588 806 636 nee
829 567 895 658 ipse
916 567 1020 657 utique
1043 565 1176 651 finitur,
1201 583 1253 631 nec

126 667 204 738 Eius
224 670 365 755 essentie,
390 690 446 739 nee
467 670 631 759 snpientia,
656 669 869 757 nectentes,
894 671 976 738 unde
998 667 1107 738 urnnie
1133 667 1164 736 in
1190 664 1253 754 ipsu

125 780 199 838 sunt
221 769 338 838 infinite
355 771 402 841 ἰ.
428 769 559 840 Breviter·
576 774 654 839 hunc
676 793 739 839 vern
756 773 885 858 explicat
910 772 1106 861 Serephyeus
1129 770 1249 838 uector:

129 895 144 935 t
173 871 339 960 Infinitum,
363 872 418 953 ait,
443 882 544 965 petest
566 873 692 962 intetiigi
716 872 869 962 privative,
894 883 925 942 et
948 873 1101 962 negative:
1130 869 1271 960 priveti->

124 994 173 1059 ve,
198 974 268 1063 quin
291 995 355 1043 non
378 976 468 1043 babet
492 975 679 1062 terminum,
709 976 759 1045 sed
791 986 896 1044 nntuvn
920 975 1105 1045 esthabere
1130 982 1249 1064 proptu·
1286 984 1288 993 ·

127 1077 197 1163 huc,
221 1078 304 1166 quud
327 1079 417 1147 bubet
437 1099 502 1149 essu
526 1078 687 1146 lirnitntunr
699 1102 708 1161 ι
732 1089 763 1145 et
786 1079 844 1146 Ιιοε
867 1081 958 1150 niorto
985 1077 1060 1146 uicit
1086 1076 1247 1163 ineunrplu

128 1178 255 1266 tionem,
278 1189 309 1248 et
332 1200 394 1248 nen
417 1192 464 1250 est
488 1180 519 1247 in
543 1181 618 1250 Dee.
636 1181 703 1250 Alie
724 1182 816 1251 nrudu
832 1182 982 1271 negative,
998 1181 1088 1269 quud
1112 1199 1178 1247 non
1202 1179 1245 1245 hn-

129 1279 180 1346 bet
203 1281 382 1369 terminum,
408 1303 462 1349 nee
484 1281 572 1351 etiarn
596 1294 703 1351 nuturn
726 1296 772 1352 est
794 1283 927 1365 hubetu3
952 1292 983 1351 et
1006 1285 1068 1352 boc
1084 1283 1184 1352 modo
1206 1299 1247 1367 pu·

130 1381 215 1448 nitur
238 1380 271 1449 in
294 1380 357 1450 Deo
379 1393 502 1472 prepter
525 1405 678 1453 suntnrnrn
701 1383 922 1473 siurptieitutenr
940 1384 953 1422 ²
972 1408 1003 1453 r.

175 1481 290 1550 nortem
314 1483 375 1552 seve
402 1482 494 1552 rnudo
517 1484 712 1574 intelligenda
735 1495 781 1554 est
803 1485 957 1555 distinctio
972 1483 1054 1554 inter
1078 1484 1247 1554 induturu-

129 1594 238 1655 nutum
267 1586 471 1675 priuatimue,
497 1596 528 1654 et
557 1590 744 1676 nepuliuunr.
770 1586 1041 1658 indeterminatum
1063 1586 1247 1678 priuutiuvn

130 1698 176 1756 est
198 1708 253 1757 ens
276 1689 408 1759 maxime
440 1690 651 1777 abstractum,
681 1712 734 1760 seu
760 1690 875 1778 ideule,
901 1691 1007 1781 quud,
1030 1711 1111 1759 curn
1135 1687 1246 1757 nonsit

132 1801 204 1859 netu
228 1791 285 1860 tale
306 1811 362 1861 ens
386 1791 575 1879 particulam,
601 1790 641 1859 ita
668 1801 878 1881 eornpnrnturn
901 1802 960 1879 est,
978 1801 1013 1858 ut
1035 1791 1100 1860 huc
1129 1801 1164 1860 et
1184 1789 1246 1859 ittet

128 1914 183 1962 ens
212 1893 391 1984 particulare
417 1915 484 1964 esse
505 1894 612 1983 possit,
635 1894 706 1982 quin
732 1895 833 1985 ipsurn
857 1894 890 1962 in
912 1893 1044 1983 singulis
1067 1892 1192 1964 naturis
1209 1912 1244 1960 ιε-

133 2019 203 2064 vurn
227 1995 351 2065 diversis
373 1996 472 2067 modis
506 1998 702 2066 determinari
731 1996 942 2086 iuteltiginrus.
968 1996 993 2064 E
1016 1995 1189 2083 contrario,
1210 1993 1244 2061 in·

131 2096 367 2168 determinatum
390 2099 568 2188 nepetiurun
595 2108 642 2168 est
663 2120 718 2168 ens
742 2100 873 2168 rnexirne
893 2107 1089 2185 concretum,
1114 2117 1173 2167 seu
1195 2117 1243 2164 ru·

130 2201 306 2288 lissinrum,
330 2201 426 2289 quud,
447 2221 520 2269 curn
543 2201 582 2268 sit
605 2201 706 2290 ipsunt
730 2222 791 2269 esse
812 2199 993 2286 subsistens,
1016 2201 1054 2268 iu
1077 2222 1110 2269 se
1133 2197 1244 2269 inolent

130 2325 252 2374 untteene
274 2305 401 2374 medum
422 2304 616 2394 perfectionis
632 2305 656 2386 ἦ
694 2305 882 2394 proindeque
919 2302 994 2372 nihil
1020 2312 1112 2371 extra
1159 2302 1242 2389 ipsun

132 2428 198 2477 essu
223 2418 329 2498 petest.
366 2406 412 2475 Ex
434 2428 498 2496 quo
524 2417 604 2495 putet
631 2405 728 2475 Deunr
752 2429 816 2478 nun
838 2407 1002 2496 privative,
1043 2406 1097 2474 sed
1122 2401 1243 2493 nepetitv

133 2510 402 2581 indeterminatum
424 2509 483 2578 diei
507 2529 606 2598 posse.

177 2615 258 2685 tleee
280 2614 451 2683 adnotanda
485 2623 559 2683 sunt
591 2622 697 2682 contre
732 2612 914 2683 renuntiures
943 2611 1011 2680 iilos
1035 2607 1243 2698 philosophe,

131 2716 184 2807 qui
207 2715 390 2786 infinitatem
411 2714 473 2800 gnei
496 2717 537 2784 itu
570 2717 743 2805 expuunt,
779 2727 813 2784 ut
835 2714 1026 2808 indefllllunt
1048 2710 1241 2802 aliquidue

130 2821 221 2903 reule,
246 2839 313 2906 seu,
338 2827 373 2886 ut
393 2818 492 2904 aiunt,
513 2818 673 2907 personale
695 2816 879 2886 inficientur.

176 2921 269 2991 XVH.
287 2921 322 2991 Ιιι
343 2919 527 2998 eunte-hv
544 2921 701 2998 nutu-bv
717 2940 821 2998 ειιιιιι
838 2939 926 2998 uutu.
944 2916 1036 3004 Illud,
1053 2918 1145 3006 quod
1158 2934 1241 2986 essev-

130 3023 202 3091 tinnr
233 3021 359 3094 subiecti
382 3018 559 3107 constituit,
595 3031 685 3109 utque
719 3024 758 3091 de
780 3043 817 3090 eo
850 3020 1039 3109 praelientur
1061 3019 1102 3086 nd
1129 3018 1242 3087 modun

128 3125 319 3210 substantivi,
345 3125 379 3191 t'n
401 3122 475 3210 quid
498 3121 661 3209 praedicari
682 3122 806 3206 dieitur,
825 3121 992 3210 etquidem
1015 3120 1052 3186 in
1075 3120 1158 3208 quid
1178 3138 1241 3188 ern·

126 3228 218 3318 plote,
243 3225 268 3296 si
294 3233 387 3293 toturn
411 3222 452 3291 rei
476 3223 660 3306 essentium,
689 3231 720 3291 et
742 3223 777 3291 in
798 3223 873 3312 quid
896 3220 1090 3309 incorruptus,
1118 3221 1146 3292 si
1169 3220 1244 3290 huitu

130 3338 244 3417 purtem
269 3336 387 3394 tautum
411 3326 528 3393 innunt.
555 3325 611 3393 Ex.
639 3348 702 3413 gru,
732 3327 825 3393 trunto
848 3327 880 3394 in
905 3323 979 3413 quid
999 3324 1155 3412 complete
1178 3342 1244 3413 pne-

131 3431 250 3499 dieutur
272 3430 310 3519 de
333 3427 433 3513 Petro,
457 3438 548 3517 atque
570 3425 736 3515 generetinr
759 3426 802 3496 sie
822 3424 1033 3515 prnediuuntur
1055 3443 1173 3495 omnes
1192 3443 1246 3514 spu

130 3530 251 3600 eiusde
274 3527 469 3597 interioribus
490 3527 547 3595 sibi
570 3527 723 3597 subiectis:
748 3528 870 3598 Animal
893 3546 965 3596 vern
986 3528 1022 3595 iu
1043 3527 1127 3615 quid
1148 3529 1245 3597 true

130 3632 210 3719 plete
232 3631 419 3723 prnudientut·
440 3632 478 3699 de
501 3631 642 3714 nornine,
667 3644 759 3722 etque
785 3631 952 3720 generatim
975 3628 1021 3698 sie
1043 3629 1246 3716 praedicuntur

131 3732 233 3802 unrnin
256 3753 366 3824 genera
389 3735 428 3806 de
450 3734 515 3806 suis
543 3734 708 3822 speciebus.
727 3736 766 3804 Ie
788 3734 876 3824 pute
891 3729 1055 3825 praedicuri
1079 3731 1194 3805 dieitur·
1213 3730 1246 3819 it,

171 3977 196 4047 ἰ
213 3977 275 4034 vid.
294 3994 319 4036 ι.
338 3979 454 4051 Tuom„
475 3981 527 4054 Qu.
546 3978 659 4054 dispe,
675 3979 717 4039 De
737 3980 823 4054 Ver„
841 3977 914 4054 ιι.ΙΙ,
930 3993 959 4037 ιι.
977 3974 997 4036 2
1013 3977 1053 4038 nd
1072 3976 1108 4057 δι
1128 3978 1248 4057 ibim

133 4066 212 4136 Pon,
229 4082 258 4135 ιι.
278 4065 300 4136 t,
320 4080 348 4121 n.
366 4065 385 4121 2
403 4079 430 4123 e.

170 4151 196 4221 ²)
211 4151 282 4207 Lon.
302 4151 365 4223 ein,
383 4169 413 4222 ιι.
431 4151 467 4224 ΙΙ,
486 4153 528 4209 ud
544 4166 614 4225 unp.

175 4234 198 4310 ³)
217 4239 262 4296 De
281 4235 366 4312 ree,
385 4254 412 4312 q.
433 4237 535 4315 ΧΧΙΧ,
553 4255 582 4299 ιι.
602 4237 620 4298 3
638 4254 666 4298 c.
