2760 4770
170 255 237 326 826
604 254 758 321 -S-

127 370 187 462 cipi
210 368 382 460 dupliciter.
406 367 477 439 Uno
506 370 599 438 modo
622 368 756 456 dicitur,
780 366 865 456 quod
889 369 993 437 nullo
1018 366 1090 453 elio,
1108 368 1198 438 moto
1212 366 1236 435 t·

125 473 218 543 citur.
244 473 312 543 trio
342 471 437 541 modo
458 471 635 560 simpliciter
658 470 738 540 idem
759 480 817 556 est,
840 471 929 560 quod
959 469 1116 560 omnino,
1133 471 1175 540 vel
1192 480 1237 539 ron

126 573 224 644 liter¹
243 599 272 642 r.
299 573 378 644 Hinc
401 573 434 643 1·
456 572 636 665 simpliciter
663 571 774 662 aliquid
799 574 858 640 talo
880 593 953 644 esse
980 573 1120 662 dicitur,
1142 572 1238 641 comitr

124 680 282 770 sehabet,
306 681 394 751 nulio
420 677 482 749 alio
504 677 732 761 subintellecto,
755 679 927 749 secundnm
955 679 1048 768 qnid
1071 698 1157 767 vero,
1176 698 1239 754 cun,

126 795 163 854 ut
185 783 225 856 in
249 804 281 853 se
302 783 413 852 hebere
441 780 502 850 dici
525 781 642 870 possit,
667 778 847 868 sobolique
870 779 1044 871 positione
1067 778 1240 871 accipiendum

125 895 183 954 cst.
208 885 245 952 E.
271 906 319 973 g,
344 883 425 954 Deus
453 882 633 972 simpliciter
658 879 772 965 existit,
796 901 852 950 seu
875 883 971 951 nulla
991 883 1078 952 fecto
1095 879 1241 971 suppositio

125 1008 177 1068 ne3
200 998 339 1055 cremum
360 997 463 1054 autem
490 985 657 1054 secondom
680 985 776 1075 quid,
800 1005 915 1076 nempe
938 985 1118 1076 supposita
1135 985 1189 1054 ·Dei
1207 981 1242 1048 to

128 1089 256 1158 lentate.
281 1088 314 1158 Ε·
341 1088 527 1177 Simpliciter
549 1087 608 1156 sub
631 1086 716 1155 omni
741 1098 893 1179 respectu,
923 1082 1244 1178 secondumptttsut

127 1192 259 1279 qnodam
284 1203 403 1258 tontum
429 1201 566 1278 respectu
591 1211 655 1259 rom
684 1190 773 1258 talem
790 1211 854 1259 esse
870 1187 1055 1278 significat.
1075 1190 1113 1261 Ε.
1132 1212 1178 1280 g.,
1194 1187 1244 1267 rii,

129 1295 210 1380 qnod
234 1305 280 1361 est
305 1292 415 1363 ultimo
437 1293 630 1382 perfectum,
666 1291 779 1360 dicitnr
800 1292 919 1361 bonnm
945 1291 1171 1383 simpliciter,
1192 1288 1246 1380 quot

128 1407 231 1463 autem
255 1417 318 1464 non
342 1395 432 1463 habet
455 1395 588 1484 aliquam
618 1393 859 1482 perfectionem,
883 1415 989 1483 quarn
1016 1396 1116 1466 debet
1139 1393 1246 1476 hohen,

129 1499 271 1585 quamvis
293 1499 403 1566 naneae
432 1497 563 1586 aliquam
589 1496 832 1588 perfectionem,
858 1496 890 1564 in
914 1509 1088 1586 quantum
1111 1506 1159 1566 est
1180 1502 1248 1571 acto,

127 1618 191 1679 non
215 1599 325 1668 dicitur
349 1600 513 1690 perteetnm
544 1599 732 1689 simpliciter,
756 1621 812 1669 nec
837 1600 958 1669 bonum
988 1594 1248 1691 simpliorem

127 1703 295 1770 secondum
312 1701 525 1791 prrid²s.Hinc
547 1704 640 1772 etiam
660 1700 765 1769 «nihil
783 1699 924 1792 prohibet
939 1701 1070 1792 aliquid
1087 1723 1156 1772 esse
1171 1716 1250 1770 socon·

132 1805 205 1870 dom
229 1804 303 1892 quid
326 1804 468 1894 simplex,
494 1805 695 1892 inquantum
717 1811 797 1869 caret
812 1800 912 1890 aliqua
929 1803 1180 1895 compositione,
1194 1800 1251 1891 qood

132 1917 232 1974 tomen
259 1920 389 1975 nonest
416 1908 544 1974 omnino
571 1907 711 1994 simplem
737 1905 817 1973 unde
840 1904 937 1993 ignis,
963 1918 1000 1974 et
1027 1928 1114 1997 aqna
1138 1904 1252 1974 dicuntrr

130 2010 275 2099 simplicio
299 2029 449 2096 corpore,
477 2009 507 2076 in
530 2020 682 2096 quantum
714 2017 816 2076 carent
839 2008 1106 2097 compositione,
1131 2024 1206 2096 qnae
1223 2012 1252 2069 cs

128 2132 165 2177 ex
187 2111 359 2196 contrariis,
377 2131 456 2199 qnae
480 2111 634 2179 invenitur
666 2111 697 2178 in
722 2109 836 2190 mixtis
862 2128 1006 2198 quorum
1027 2122 1137 2178 tomen
1162 2125 1251 2176 nnun-

129 2212 274 2298 quodque
295 2223 342 2280 est
356 2212 560 2300 compositum
585 2222 651 2280 tum
667 2233 703 2281 ex
721 2211 856 2300 partibus
870 2211 1076 2300 quantitatis,
1090 2223 1160 2280 tum
1182 2208 1250 2279 etim

130 2333 167 2379 ex
193 2313 289 2381 forma
313 2325 343 2381 et
369 2314 490 2382 moterin
504 2313 588 2384 ³».30
615 2316 813 2406 sinpliciter,
835 2323 889 2382 aut
908 2315 1090 2383 secundom
1115 2314 1199 2404 qnid,
1212 2330 1249 2380 ser

130 2417 162 2483 in
179 2437 267 2486 senso
289 2419 481 2486 accommodo
511 2418 549 2485 dc
571 2418 703 2505 quodem
726 2418 863 2488 subiecto
886 2416 1106 2505 praedicatum
1124 2411 1248 2484 enuncia·

129 2528 190 2601 tor,
208 2519 321 2608 absque
345 2523 417 2604 ulte,
438 2522 482 2588 vet
506 2541 577 2589 cnm
599 2519 698 2609 aliqua
721 2519 942 2590 contractione.
963 2518 1006 2589 E.
1028 2540 1078 2608 g.,
1098 2515 1248 2588 substant

130 2622 269 2706 cogitans
292 2634 338 2690 est
350 2623 529 2712 simpliciter
544 2622 723 2712 spiritualim
743 2625 837 2692 homo
850 2623 1024 2694 secumdum
1049 2623 1142 2712 qnid,
1160 2642 1208 2692 seo
1225 2619 1248 2685 ir

131 2740 221 2789 senso
235 2725 438 2808 coronopode,
456 2723 569 2793 scilicet
583 2724 684 2813 quood
699 2746 821 2813 corpus,
839 2735 885 2793 est
901 2723 1061 2792 mortalis
1079 2725 1118 2793 lr‘
1146 2747 1161 2789 r
1185 2723 1245 2794 Con·

131 2823 279 2891 sidemtur
301 2824 413 2913 elirpril
437 2826 494 2893 tole
517 2825 707 2914 simpliciter,
734 2838 825 2915 prout
853 2835 900 2895 est
927 2827 1109 2895 secundum
1132 2824 1246 2916 seipsum

130 2925 201 2994 tole.
227 2924 399 2994 Secundum
423 2925 496 3014 qnid
521 2937 634 3013 cotem,
656 2938 747 3014 prout
769 2925 882 2995 dicitur
897 2926 955 2993 tale
971 2929 1153 2996 secundnm
1168 2943 1246 3012 respo

131 3036 215 3094 ctum
240 3029 277 3096 ed
301 3029 461 3096 aiterum⁴
486 3056 514 3098 s.
540 3029 608 3108 Ono
637 3049 728 3098 sensu
758 3028 839 3097 idem
865 3026 1043 3116 significant
1066 3049 1105 3099 ac
1128 3028 1247 3101 Atmo

130 3127 397 3214 -Comporotioe
412 3132 437 3209 ⁵3
465 3132 508 3197 rel
534 3130 710 3200 Secundum
724 3129 804 3217 qnod
826 3129 1017 3217 ipsum-In
1035 3131 1150 3200 ordine
1163 3130 1203 3200 od
1213 3126 1245 3199 oi·

132 3237 233 3296 rernm
251 3231 276 3290 ⁶.
302 3230 334 3298 5⁰
362 3230 560 3317 Simpliciter,
585 3242 615 3300 et
637 3231 805 3300 sentndnm
827 3231 902 3319 qnid
924 3228 1005 3297 idem
1023 3231 1245 3322 significanter

131 3330 300 3399 secundom
324 3329 369 3397 sui
395 3330 557 3420 propriam,
586 3342 616 3400 et
639 3330 728 3398 otiam
754 3330 979 3401 rationem.'E.
997 3355 1049 3423 g.,
1074 3333 1188 3404 dicitur
1205 3329 1244 3400 cli-

132 3431 205 3519 quid
229 3451 283 3498 cnr
303 3432 482 3520 simpliciter
507 3433 606 3522 quoad
631 3452 691 3499 esse
713 3430 919 3515 substantiale
944 3432 1099 3522 siqnidem
1124 3433 1245 3506 ensttt

131 3537 257 3626 proprie
277 3558 338 3604 esse
360 3541 393 3606 in
408 3544 489 3621 octo,
512 3557 547 3604 ac
571 3535 695 3625 proinde
717 3535 976 3624 secrmdumqnod
993 3541 1101 3625 primo
1117 3538 1245 3611 disent-

130 3647 183 3707 tnr
196 3638 233 3705 ab
248 3662 282 3707 eo
295 3641 376 3729 qnod
390 3648 431 3708 est
446 3640 481 3707 in
498 3642 636 3730 potentio
659 3647 791 3725 tontum,
810 3659 918 3728 nempe
933 3646 1108 3714 semnion-m
1124 3667 1184 3716 esse
1195 3641 1246 3712 sni

131 3741 278 3809 nomio.
308 3745 367 3810 Pn-
388 3749 474 3810 oeteo
496 3747 599 3809 erotem
626 3742 834 3830 superadditos
857 3742 973 3812 dicitur
995 3745 1122 3838 aliquid
1143 3766 1245 3820 essete-

172 3987 196 4051 ¹1
215 3988 244 4056 3,
265 4008 293 4059 q.
317 3991 349 4058 h,
368 4009 395 4046 n.
414 3989 431 4046 ὅ
450 3991 540 4059 c.-²t
561 3989 581 4056 Ι,
600 4008 628 4061 q.
650 3988 684 4059 v,
702 4006 729 4046 a.
755 3989 766 4044 Ι
787 4008 815 4050 c.

170 4074 193 4139 ³)
213 4074 251 4134 In
269 4077 320 4133 tr'o.
344 4078 419 4134 Boot.
443 4077 485 4134 De
507 4077 610 4147 Hebri„
633 4078 697 4135 leot.
718 4076 740 4136 Ι.

170 4162 194 4229 ⁴)
214 4159 235 4230 Ι,
250 4179 282 4231 q.
305 4159 440 4232 ΕΧΧΧΙΙ,
461 4178 488 4218 n.
510 4160 526 4216 3
546 4177 573 4220 c.

171 4246 194 4315 ⁵)
215 4246 275 4304 Viri.
296 4262 322 4316 p.
342 4244 370 4304 2.
386 4274 417 4290 -
431 4246 456 4319 ⁶)
475 4248 535 4308 vm.
559 4263 585 4317 p.
607 4244 672 4306 ³24.
