2760 4770
188 266 254 338 260
620 306 663 317 —-
688 265 709 333 ι’
733 306 776 316 —-

141 381 353 450 rectitudinem
388 383 502 448 multae
525 380 769 449 circumstantiae
803 393 1034 469 concurrunt,
1063 386 1137 475 quia
1167 385 1260 451 buntur

89 546 92 550 .
144 486 303 575 consurgit
325 509 360 555 ex
386 507 445 554 una
470 498 501 552 at
524 495 584 554 tota
607 507 698 553 eausa
716 486 740 551 ¹.
760 485 845 554 Unde
870 486 976 572 illud,
1005 490 1098 577 quod
1121 490 1194 558 cadit
1217 488 1260 554 sul

141 600 298 676 praecepte
322 588 543 674 arffirmatiro,
568 608 628 656 non
652 598 698 656 est
722 606 777 675 pm
798 585 883 654 omni
910 601 1063 678 tempere
1088 604 1120 660 et
1143 592 1259 679 quelibet

141 691 231 761 mado
254 691 505 776 observantiam,
535 691 586 759 sed
611 691 734 760 serratis
758 690 866 759 debitis
889 694 1137 763 conditionibus
1158 708 1187 762 et
1208 716 1257 782 per-

137 815 295 878 sonarum,
321 806 350 861 et
374 796 525 874 locorum,
543 805 573 860 et
591 802 777 883 temp0rum3
795 792 872 861 sicut
886 794 994 862 honor
1014 798 1196 886 parentibus
1210 818 1257 864 nan

138 906 185 965 est
208 896 396 966 exhibendus
419 895 554 983 qualibet
577 905 726 982 tempore,
750 905 803 963 aut
826 898 905 982 leco,
931 907 988 964 aut
1005 901 1154 988 quolibet
1172 900 1255 972 marla

137 999 189 1068 set
213 998 335 1067 senatis
357 998 465 1068 debitis
489 997 724 1065 circumstantiis
751 1024 780 1064 υ.
806 997 873 1077 Quo
894 1001 992 1067 etiam
1010 1023 1053 1070 ex
1071 1002 1172 1090 eapite
1189 1022 1255 1091 prae·

137 1112 260 1190 ceptum
284 1100 499 1170 affirmativam
522 1123 538 1169 a
562 1101 704 1190 negativa
731 1102 943 1191 distinguitur,
966 1107 1060 1193 quad
1078 1106 1255 1196 abligurrit

137 1202 216 1271 eitur
240 1226 359 1293 senaper
381 1213 409 1273 et
432 1206 474 1272 cul
497 1225 636 1293 seraper:
662 1226 789 1294 nempe,
818 1228 832 1269 t
860 1226 913 1293 per
938 1220 1111 1298 praecepta
1137 1209 1252 1297 negarim

136 1308 338 1396 prohibentur
360 1321 445 1377 antus
475 1308 642 1376 vitiorum:
671 1308 747 1376 illud
771 1319 884 1393 autem,
909 1309 996 1397 θυοιι
1024 1324 1075 1380 est
1100 1313 1249 1380 secundun

135 1429 167 1478 se
190 1411 334 1482 vitiosum
357 1423 387 1479 et
410 1423 578 1499 peecatum,
601 1410 863 1500 ‹rirrilitareumque
887 1412 952 1498 siat,
975 1423 1030 1482 est
1050 1417 1181 1499 malum,
1197 1412 1249 1502 quia

135 1511 284 1602 contingit
306 1535 344 1582 er
368 1513 576 1602 singularibus
606 1512 781 1598 deleatibm,
807 1524 838 1582 et
861 1512 928 1580 itleo
951 1513 1034 1582 illud
1056 1569 1066 1603 ,
1091 1520 1177 1606 quad
1199 1536 1248 1604 pra·

134 1614 258 1683 hibetur
282 1625 437 1706 praerepto
461 1615 614 1704 negativo,
643 1637 660 1684 a
683 1617 793 1703 nullo,
819 1637 873 1685 nee
897 1616 1007 1705 aliquo
1032 1620 1133 1688 merlo
1162 1621 1247 1686 tician-

136 1715 211 1785 dnm
235 1717 310 1787 est²
339 1743 367 1788 υ,
771 1802 775 1809 ἡ

180 1820 315 1891 XXXlll.
342 1822 751 1893 Priamum-linaium
777 1823 800 1892 ³.

181 1923 315 1992 xxxiv.
342 1924 616 1994 Pnaunrcinnnm
634 1963 679 1974 -
696 1925 959 1994 immurmurent.
992 1926 1245 2005 Praedicammta,
1264 1966 1266 1971 -

134 2025 198 2092 sire
221 2027 399 2113 categoriae,
425 2036 497 2093 sunt
522 2025 588 2093 illae
612 2025 885 2103 unirersalissimae
899 2028 1026 2111 classes
1047 2029 1085 2094 arl
1111 2048 1194 2117 eruas,
1215 2045 1245 2090 se·

135 2128 273 2195 cunilam
298 2125 513 2214 Aristotelem,
550 2147 597 2194 res
621 2147 727 2194 amnes
761 2127 863 2195 reduci
888 2139 1044 2216 pessunt,
1083 2130 1244 2218 proindeque

134 2228 277 2297 exhibent
292 2227 394 2296 omnia
410 2229 562 2313 attributa,
577 2251 655 2318 quae
671 2230 707 2297 de
724 2231 858 2299 subiecta
872 2231 1067 2320 yaaedicari,
1087 2255 1143 2301 seu
1169 2248 1241 2296 aniiu-

134 2329 206 2398 ciari
231 2341 367 2422 possunt.
394 2331 502 2402 Decem
527 2333 565 2400 ali
589 2332 654 2419 ipso
677 2344 916 2420 enumerantur,
945 2342 1042 2422 atque
1075 2335 1126 2404 liis
1149 2333 1240 2402 ιιυθιυ

132 2434 317 2504 carminibus
341 2434 454 2504 includi
477 2436 600 2504 soient:

356 2571 451 2627 Arbor
469 2586 519 2627 sex
538 2586 638 2628 servos
655 2573 761 2628 ardore
782 2571 935 2643 refrigerat
948 2580 1043 2629 ustos.

261 2724 269 2735 ,
352 2657 420 2714 Ruri
441 2672 507 2714 cras
527 2658 619 2728 statio,
639 2659 687 2714 seit
709 2657 964 2714 tunicatuserot.
1264 2728 1266 2733 Ι

177 2766 254 2835 Νθιυ
278 2766 425 2855 quidquid
440 2778 497 2854 est,
524 2777 577 2834 aut
599 2778 643 2836 est
673 2768 865 2851 substantiu3
892 2776 944 2833 aut
966 2776 1015 2834 est
1032 2765 1064 2835 in
1081 2764 1234 2847 subuertit,
1263 2758 1266 2767 '

131 2867 293 2938 allicitur
316 2869 424 2949 triarius
447 2867 523 2954 eius,
556 2869 599 2937 rel
623 2868 768 2938 accidens,
795 2867 873 2935 ilina
908 2866 1007 2956 prima
1039 2869 1236 2956 categoriam
1262 2930 1266 2953 ,

128 2974 319 3056 sataleiam,
345 2975 476 3063 reliquae
501 2996 608 3041 nomm
637 2987 709 3043 sunt
735 2976 807 3042 rarii
832 2975 1018 3042 substantiae
1043 2979 1130 3044 morli
1151 3008 1158 3060 3
1182 2972 1236 3041 idest

128 3079 293 3166 qualilitas,
310 3077 426 3160 relatio,
449 3078 589 3163 qtiaiitas,
615 3079 704 3162 aetia,
729 3080 841 3165 gislario,
860 3075 924 3162 att,
935 3078 1075 3164 quaracla,
1104 3083 1185 3161 sitm,
1198 3075 1235 3140 lu·

122 3179 232 3269 jbitus;
258 3197 335 3265 quaa
359 3176 478 3265 singula
502 3199 553 3265 per
576 3179 713 3265 singulas
733 3177 904 3246 carminum
921 3197 1011 3245 voces
1028 3177 1235 3266 significantur.

130 3276 219 3346 Ratio
242 3277 419 3345 huiusmodi
444 3276 561 3346 numeri
582 3278 900 3368 praedicamentalium
924 3278 1036 3367 permut
1059 3303 1100 3351 er
1127 3274 1237 3368 eotruod

128 3381 296 3450 secundum
320 3378 512 3449 Aristotelem
542 3381 645 3449 decem
675 3382 712 3448 tle
735 3381 867 3470 qnalibet
891 3403 929 3460 re,
953 3379 1071 3468 inrmiri
1102 3391 1236 3472 possuuta

127 3504 256 3570 neniae:
281 3482 357 3571 qiud
378 3484 428 3568 ait,
452 3489 576 3570 quartia,
601 3481 710 3570 getulia,
734 3504 792 3570 qno
807 3483 971 3569 reseratur,
989 3484 1069 3570 quid
1086 3480 1239 3575 rantgarii

127 3586 273 3672 patiatur,
298 3583 349 3651 eat
372 3588 422 3671 sit,
447 3585 567 3673 qtiunda
589 3586 639 3670 sit,
668 3584 815 3674 utromodo
838 3586 918 3672 sita,
951 3578 1012 3673 qaia
1035 3585 1147 3657 liubila
1168 3602 1238 3678 praa

164 3763 187 3833 ι)
208 3764 269 3823 vid.
290 3779 316 3835 p.
337 3762 381 3820 60.

164 3849 187 3921 ²)
210 3850 262 3921 Qq.
282 3849 393 3922 dirpp„
415 3848 456 3906 De
480 3849 586 3908 Virtut.
606 3868 633 3922 q.
654 3850 700 3922 lll,
719 3868 746 3909 θ.
766 3850 828 3911 nc.

162 3933 185 4000 3)
205 3935 266 3990 Vid.
286 3950 313 4004 p.
333 3932 361 3991 6.

161 4021 185 4092 ⁴)
204 4023 232 4078 S
253 4022 378 4080 Isidorus
398 4024 570 4095 Hispalensis
589 4027 690 4083 eadem
711 4027 942 4097 praedicamenta
971 4030 1027 4085 hac
1048 4031 1240 4090 enunciationa

124 4107 318 4181 significavit.
342 4109 461 4164 allana
480 4110 620 4166 sententia
645 4113 682 4168 ita
707 4112 749 4168 his
776 4113 812 4168 ita
840 4124 904 4168 est:
926 4112 1111 4185 Augustinus
1131 4130 1240 4192 maguus

122 4190 318 4262 praedicator,
338 4188 413 4248 iltius
433 4193 519 4261 itlius,
540 4205 618 4250 stans
640 4196 798 4266 intemplo,
815 4196 1065 4275 liodrarninlatus
1086 4206 1240 4275 praedican-

125 4277 161 4333 do
180 4275 316 4347 fatigatur
338 4292 364 4349 υς
383 4235 561 4350 Brauronia,
582 4279 632 4336 lib
654 4278 687 4350 ll,
708 4293 734 4335 e
749 4277 797 4336 26.
